1690 2654
85 72 157 119 522*
304 72 586 119 ANNOTATIONES

86 183 169 221 videtur
184 181 207 220 in
220 188 292 220 mente
306 182 403 221 habuisse
419 183 479 222 Ennii
498 185 570 224 Iocum
587 198 611 224 ex
625 186 712 224 Hecuba
725 198 746 237 p.
759 182 806 226 242.

86 234 184 327 Hessilio.
211 285 408 327 Editoresiaudant
420 287 447 324 ad
461 287 483 326 h.
499 302 519 326 v.
535 288 615 329 Aelian.
629 289 655 326 de
673 289 736 328 anim.
747 292 771 338 H,
786 291 805 329 9.

87 339 174 389 Oppian.
191 351 265 389 cyneg.
275 341 304 385 lt,
321 339 365 378 233.
384 338 437 377 Piin.
449 341 474 379 H.
486 341 511 379 N.
523 343 550 390 Π,
561 342 593 381 53.
614 340 703 381 Martial.
713 342 761 390 XII,
773 342 806 382 29.

87 403 136 429 cum
149 390 245 428 virorum
255 391 367 428 doctorum
377 397 480 429 annotatt.
624 405 627 409 ·

138 457 182 494 769.
202 453 356 502 Libriomnes,
370 455 396 494 de
409 457 483 507 quilius
493 455 570 494 certius
581 463 665 506 conset,
680 458 741 505 (nam
754 459 805 495 Hav.

87 506 113 545 de
125 508 166 545 suis
183 505 247 546 Godd.
259 512 327 551 tacet,
344 507 416 546 Altero
428 521 478 547 vero
494 521 569 558 parum
584 509 635 547 fidei
648 509 805 561 tribuendum),

86 572 187 597 mancum
203 565 225 597 et
240 564 365 609 corruptum
380 572 464 599 versum
482 560 585 601 referunt.
611 562 674 600 Poor.
689 562 742 599 Brix.
755 563 805 601 Ver.

87 611 138 654 Ven.
153 616 190 660 R,
203 627 251 650 nam
261 627 314 650 nunc
323 615 369 661 ipsc
380 613 419 651 titt
429 615 448 653 d.
460 629 488 662 c.,
512 614 571 652 cant.
586 617 621 660 P.,
636 628 684 652 nam
697 629 749 652 nunc
759 616 806 666 ipsa

88 667 113 704 de
121 680 143 704 re
154 666 174 703 d.
186 680 215 702 c..
229 663 278 701 Brit.
291 664 309 702 1.
320 666 354 712 P.,
368 679 416 703 nam
427 680 481 704 nunc
492 666 517 702 de
528 679 551 702 re
562 666 582 701 d.
594 680 610 705 c.
623 665 670 714 (Ρ),
685 666 733 703 Brit.
743 666 762 707 3.
773 670 805 716 R,

86 732 135 756 nom
149 731 201 769 quae
213 719 241 754 sit
251 731 287 753 nec
300 718 366 766 ipsum
377 717 396 753 d.
408 733 436 763 c.‚
459 715 504 753 ΑΜ.
516 717 534 755 1.
545 718 595 754 Bon.
611 720 648 765 Β,
662 732 748 769 namque
760 720 807 770 ipsa

88 771 113 808 de
128 785 150 808 re
166 769 204 807 tibi
215 769 234 806 d.
246 783 274 814 c.‚
297 779 348 818 quas
363 767 423 807 Wak.
435 773 534 819 sequutus
551 774 592 816 est,
612 768 667 807 Innt.
680 769 726 809 ald.
737 770 756 808 Ε).
772 774 805 819 Β,

86 836 172 873 namque
182 822 228 872 ipsa
238 821 263 857 de
273 834 357 858 renunc
367 823 387 859 cl.
398 836 427 865 cn,
446 819 520 871 quibus
531 831 580 857 cum
590 819 646 872 vulg.
658 819 716 860 editt.
727 820 804 863 Eichst.

87 885 172 923 quoque
183 871 342 921 obtemperavit.
369 873 411 910 Nos
421 872 442 909 in
452 871 544 909 tectione
559 880 644 922 recepta
656 873 726 910 omnia
735 872 804 910 libro-

86 938 136 1014 rpm
145 924 232 974 vestigia
239 923 367 974 coniungere
377 923 502 974 studuimus,
518 923 574 976 quoti
583 937 610 961 an
620 923 680 962 nohis
687 925 805 976 contigerit,

86 989 99 1015 a
108 976 124 1014 ii
133 975 225 1015 videant.

138 1041 183 1082 772.
210 1039 266 1091 cibo]
285 1039 343 1079 Bodl.
364 1041 495 1092 cunctaeque
512 1046 562 1081 vett.
578 1040 721 1092 editt-cibos,
743 1040 805 1080 Vinii.

86 1092 163 1144 fragm.
173 1092 234 1132 Vind.
243 1093 293 1134 Brit.
304 1094 322 1132 3.
333 1096 417 1132 homini.
431 1115 457 1122 -
471 1093 534 1146 qnae]
548 1093 613 1145 Lugd.
624 1096 641 1134 1.
652 1094 671 1133 2.
681 1094 743 1132 Poor.
754 1093 805 1136 Brit.

87 1147 105 1184 1.
122 1147 184 1183 Cant.
195 1160 257 1198 aeque
263 1160 270 1191 ,-
290 1157 355 1196 quare
366 1144 427 1185 Wak.
439 1145 494 1183 coni.
511 1148 581 1184 Multa
596 1147 639 1185 cibo
656 1156 677 1184 et
688 1160 740 1199 quae
756 1151 804 1194 eto,

86 1202 111 1235 ut
128 1196 180 1235 ordo
198 1197 225 1235 sit
238 1196 272 1233 vel
288 1198 352 1236 multo
370 1198 424 1245 cibo,
444 1197 458 1236 i.
471 1209 488 1235 e.
498 1210 538 1247 pro
552 1197 612 1246 eihs),
631 1196 665 1236 vel
675 1200 740 1237 multa
753 1213 805 1251 quae

86 1261 135 1289 sunt
146 1250 197 1287 cibo.
223 1247 274 1297 Mihi
287 1247 378 1299 vulgaris
389 1255 495 1298 praestare
506 1248 594 1287 videtur.
622 1286 624 1288 .

138 1299 184 1340 774.
211 1303 336 1340 ostendimus
345 1301 406 1349 ante]
422 1301 448 1337 ad
461 1303 494 1349 tv,
506 1301 544 1341 635
553 1312 578 1337 ss.
594 1307 616 1338 et
624 1303 650 1350 V,
661 1302 700 1341 897
711 1314 727 1342 s.
758 1325 760 1328 f

138 1354 183 1392 778.
211 1352 291 1402 meant]
314 1351 377 1395 ,Vinci
394 1351 445 1390 Brit.
459 1354 478 1392 3.
495 1356 572 1391 ineant.
593 1375 619 1382 —-
641 1353 735 1403 inimica]
756 1353 804 1391 Ver.

86 1405 138 1442 Ven.
150 1406 236 1444 immite.
249 1426 275 1433 —
288 1403 368 1454 aureis]
383 1404 450 1456 Lugd.
462 1407 481 1445 1.
491 1405 511 1445 Ξ.
520 1406 581 1444 Poor.
591 1404 641 1444 Brit.
654 1405 671 1445 1.
685 1407 741 1443 Cant.
752 1405 805 1444 Btiit.

86 1457 135 1497 Ver.
144 1457 196 1497 Ven.
207 1471 275 1496 auras.

137 1510 183 1548 779.
210 1509 299 1560 infesta]
314 1508 364 1547 Brit.
375 1510 394 1549 3.
411 1509 495 1560 insecta.
510 1519 607 1549 -tactu
619 1508 680 1548 Wak.
697 1521 722 1547 ex
738 1509 806 1548 omni·

85 1560 125 1599 bus
134 1560 193 1598 libris
209 1560 300 1599 restituit
310 1574 349 1610 pro
361 1561 498 1599 audacissima
514 1559 610 1599 Lambini
621 1561 744 1599 coniectura
757 1564 806 1601 odo·

86 1630 119 1662 re,
134 1612 206 1651 omnes
221 1612 279 1652 editt.
292 1612 347 1665 vulg.
360 1619 485 1663 occupante.
514 1617 599 1653 Tectum
614 1611 670 1650 enim
686 1619 707 1650 et
721 1624 756 1653 tan
773 1630 806 1655 ere

87 1664 186 1703 Lucretio
197 1665 223 1703 de
233 1665 330 1704 omnibus
346 1665 439 1703 sensibus
451 1664 557 1715 usurpari,
576 1664 665 1703 vidimus
678 1664 705 1703 ad
714 1667 743 1711 ΙΙ,
757 1630 805 1706 iiiii.

88 1716 147 1754 enni.
163 1717 226 1755 etiam
237 1717 295 1768 Virg.
305 1720 356 1755 Aen.
366 1719 409 1765 Vn,
421 1719 466 1757 480.
480 1723 501 1755 et
512 1716 564 1757 Plin.
574 1718 600 1756 H.
611 1718 708 1769 N.'XVH‚
720 1717 752 1758 37.
761 1718 806 1767 fin,

28 1805 34 1808 Δ
88 1781 140 1820 quos
152 1768 213 1807 Wak.
223 1768 302 1809 laudat.

140 1822 185 1861 780.
212 1822 291 1874 neque]
305 1819 335 1859 sic
345 1819 404 1860 Wak.
417 1833 466 1859 cum
476 1820 571 1860 omnihus
582 1819 650 1868 libris,
663 1827 748 1872 praeter
756 1821 805 1863 Brit.

87 1873 119 1925 3.,
135 1873 171 1925 qui
180 1873 236 1912 solus
246 1873 329 1913 exhibet
338 1873 446 1926 vulgatum
454 1881 500 1913 nee.

140 1939 165 1978 V.
178 1940 222 1986 782.
233 1944 254 1976 et
263 1939 308 1979 783.
335 1951 348 1976 a
359 1938 426 1977 Nonio
437 1940 471 1986 IV,
483 1935 527 1977 425.
538 1937 568 1976 sic
578 1938 706 1977 afferuntur:

192 1991 272 2031 Deinde
281 1990 352 2029 videre
362 1991 422 2040 licet,
437 1992 585 2042 quammultae
594 1993 672 2030 homini
680 2003 714 2028 res
727 2018 729 2022 ι

191 2042 274 2082 Acriter
282 2043 384 2093 infestant
394 2058 476 2091 sensns,
491 2055 620 2094 spurcaeque
632 2054 755 2095 gravesque,

90 2108 154 2147 quam
163 2096 290 2147 scripturam
301 2107 344 2133 non
354 2095 413 2134 video
423 2094 528 2146 quomodo
539 2094 606 2140 Wak.
617 2100 690 2145 utpote
695 2095 772 2142 'veram
785 2102 806 2134 et

89 2148 174 2200 vulgata
179 2148 337 2201 elegantiorem,
344 2146 407 2197 possit
414 2145 533 2195 defendere,
542 2159 614 2198 quum,
620 2146 654 2185 vel
664 2146 804 2198 hiatusumm,

91 2201 168 2250 (quem
184 2201 252 2239 solum
268 2199 328 2239 Wak.
347 2211 445 2238 excusare
458 2198 548 2246 studet)
565 2199 624 2248 prior
632 2211 702 2238 versus
720 2198 805 2250 integra

91 2252 171 2302 syllaba
188 2252 296 2292 destitutus
309 2252 341 2289 sit.
369 2252 428 2298 Imo,
447 2263 511 2302 quum
526 2251 548 2288 in
560 2251 626 2289 Codd.
642 2251 701 2289 nulla
716 2251 805 2290 varietas

90 2303 220 2352 inveniatur,
236 2305 275 2342 nisi
288 2304 344 2356 quod
356 2303 378 2341 in
391 2303 439 2344 Brit.
452 2306 469 2343 1.
482 2304 570 2356 infestae
580 2302 656 2355 legitur
668 2316 706 2353 pro
722 2306 804 2355 infesto,

92 2356 118 2394 de
126 2356 212 2409 vuigata
221 2368 318 2395 versuum
327 2356 409 2394 ratione
423 2369 466 2393 non
477 2354 614 2394 dubitandum
624 2354 713 2393 videtur.

143 2423 188 2463 786.
214 2421 262 2472 eas]
276 2421 336 2459 vind.
346 2420 395 2461 Brit.
407 2421 426 2460 3.
439 2421 501 2460 Cant.
513 2420 569 2458 Brix.
582 2420 630 2460 Ver.
641 2420 692 2459 Ven.
702 2435 735 2472 ea,
749 2420 806 2473 quod

91 2487 134 2515 non
144 2475 229 2526 mirum,
243 2486 309 2527 quum
320 2475 389 2515 subter
402 2479 514 2525 sequatur3
528 2475 588 2512 Poor.
597 2488 649 2514 eam.
