1690 2654
234 90 596 143 ronrssuunsuu‘run.
690 84 692 87 ’
729 94 778 140 557
824 115 826 120 ·

32 248 37 267 l
58 225 119 253 verre
127 209 222 249 lectionis
230 211 416 260 interpretamenta
425 206 529 244 videntur.
542 207 573 243 De
583 204 654 244 hestiis
661 210 733 243 autem
742 217 775 244 ra·

31 270 33 272 ’
58 265 111 317 pidia
127 263 282 313 carnivorisque
299 262 334 299 hic
346 267 398 299 etv.
410 259 468 318 1215.
480 259 521 309 agi,
529 264 632 316 etflnatura
644 258 681 307 rei⁷
694 257 776 296 etThu·

60 316 136 366 cydidis
147 315 206 350 locus
217 314 328 364 parallelus
341 313 410 374 docet,
419 324 455 361 qui
466 324 485 349 c.
497 312 529 350 50.
540 322 571 346 slc
582 310 687 348 sehabet:
699 309 726 349 τοὶ
736 310 776 362 γὰρ

60 366 164 419 domandi
175 365 304 417 τετράποδα,
324 362 336 405 t'
343 377 373 404 σοι
387 360 542 415 ανθρώπων
559 357 678 408 ἅπτεται,
693 365 775 405 πολλῶν

60 419 146 470 ἀτάφων
158 417 293 468 γιγνομένων,
307 412 358 466 ilov'
369 414 466 468 προσῄει,
480 411 495 464 ἢ
507 412 624 464 γευσάμενοι
635 416 774 465 διεφθείρετο.

58 469 167 521 'conuictos
184 467 218 520 tl,
242 472 284 509 τῶν
299 468 337 519 μὲν
353 465 455 507 τοιούτων
476 464 574 521 ὀρνίθων·
587 464 688 516 ἐπίλειψις
705 467 775 520 σαφής
813 485 815 488 ’

59 508 147 589 inficta,
166 521 202 562 ml
220 519 259 572 οὐχ
274 522 370 573 ἑωρῶντο
387 517 436 559 οὕτε
451 515 528 568 ἄλλως,
553 514 602 559 orire
617 520 664 571 περὶ
676 523 774 563 τοιοῦτον

58 575 126 616 ovilio.

108 627 165 665 1292.
191 625 292 674 animam]
307 626 366 662 Poor.
377 624 425 663 Brit.
434 624 452 665 3.
463 624 520 661 Cant.
531 622 576 662 Ald.
586 624 604 661 1.
614 624 666 662 Bon.
677 628 773 674 animum,

6 672 7 675 ¹
57 679 109 718 Brin.
120 679 167 715 Ver.
173 678 223 715 Ven.
235 680 292 725 anni,
306 675 376 727 (quod
385 676 445 714 Wak.
458 676 520 714 docet
531 688 555 713 ex
569 678 617 714 ονόι
629 683 699 714 ortum
709 679 772 727 esse).

5 759 8 763 .
56 752 83 759 —
96 728 166 782 aegre]
182 729 211 765 sic
221 731 272 765 Hav.
286 729 349 766 esuis
360 728 423 766 Codd.
434 728 534 774 restituit,
554 739 618 779 quem
626 728 687 767 Wak.
697 730 772 768 Eichst.

57 781 118 819 Orell.
136 780 219 830 sequuti
233 786 291 828 sunt,
317 792 382 830 quum
396 780 495 817 meliores
513 780 562 817 libri
584 792 656 818 omnes
671 788 770 821 annuant.

55 834 110 870 Brix.
121 833 183 869 modo
191 848 257 884 agere,
264 835 312 872 Ver.
319 834 371 869 Ven.
382 847 460 884 aegere,
467 832 528 870 Viud.
538 832 587 869 Erit.
593 833 612 873 3.
623 849 690 885 aeger,
696 834 745 873 Brit.
752 835 771 873 1.

56 887 109 922 lunt.
120 883 164 920 Ald.
175 885 194 922 2.
206 899 301 937 aegram,
320 883 377 934 quod
390 896 438 921 cum
449 883 503 935 vulg.
515 884 677 922 ediltruobhius
688 897 771 936 quoque

56 935 146 982 retinnit,
155 936 189 985 qui
195 952 256 989 aegre
266 949 277 971 a
287 936 430 986 grammaticis
441 949 479 984 pro
490 952 574 989 aegram
583 937 683 987 scriptum
694 943 771 975 censet.

106 989 148 1026 Vss.
158 988 209 1027 1225
218 1008 243 1017 -
254 989 310 1028 1228.
338 1001 350 1025 a
361 988 468 1026 Macrohio
481 990 522 1025 Sat.
533 990 567 1035 Vl,
580 990 598 1027 2.
611 991 618 1036 (
624 1002 644 1039 p.
656 988 699 1028 165.
712 990 769 1040 Rip.)

55 1038 172 1089 laudantur,
184 1053 231 1077 curn
241 1040 298 1090 Virg.
310 1041 360 1078 Geo.
371 1042 409 1089 Ill,
423 1041 462 1080 509
473 1061 498 1070 -
509 1040 555 1080 511.
568 1041 692 1091 comparati.
734 1058 741 1075 ι

107 1093 163 1130 1216.
190 1091 230 1138 alt,
245 1091 287 1129 sive
299 1094 348 1140 alii,
361 1093 426 1130 lectio
439 1098 469 1128 est
481 1093 576 1129 omnium
585 1091 701 1140 librorum,
714 1093 771 1131 inter

55 1153 106 1191 quos
120 1142 185 1193 Lugd.
196 1147 213 1183 1.
226 1144 244 1182 2.
257 1144 318 1183 Poor.
330 1143 379 1184 urit.
393 1146 411 1183 1.
427 1146 481 1181 lunt.
491 1144 537 1182 Ald.
550 1146 568 1183 1.
581 1142 610 1182 alt
622 1144 729 1192 exhibent,
747 1151 771 1183 ut

53 1205 91 1230 nos
101 1206 148 1231 cnm
160 1194 234 1235 Eichst.
248 1202 268 1232 et
280 1196 344 1234 Orell.
359 1195 491 1246 scripsimuS,
509 1194 586 1246 reliqui
597 1202 667 1233 autem
679 1198 728 1246 alii,
747 1204 771 1235 ut

52 1244 112 1284 Wak.
124 1244 197 1296 edidit,
216 1247 251 1298 qui
261 1247 316 1285 hanc
326 1247 439 1285 lectionem
449 1246 528 1296 primus
540 1247 642 1290 restituit,
663 1261 728 1298 quum
740 1255 770 1286 et-

52 1294 96 1333 iam
107 1296 199 1348 Thucyd.
211 1312 228 1337 c.
237 1299 269 1340 51.
280 1300 348 1338 verbis
358 1297 381 1339 το“
393 1298 432 1349 γὰρ
443 1313 471 1350 τῳ
484 1296 615 1349 ξονινεγκὸν,
631 1296 693 1339 ἄλλον
704 1302 769 1341 τοῦτο

53 1345 138 1398 ἔβλαπτε
146 1351 276 1389 assentiatur.
302 1351 371 1403 Vulgo
383 1352 439 1389 enim
452 1351 614 1389 cumlllacrobio
624 1351 701 1403 legitur
713 1355 768 1401 aliis,—

1 1404 2 1407 ’
53 1400 119 1449 quod,
146 1414 211 1452 quum
232 1404 352 1451 „orationis
375 1402 504 1440 concinnitas
522 1403 583 1441 valde
606 1404 768 1455 c0n1mendet‚·'‘
818 1431 819 1434 =

53 1452 122 1500 (conf.
132 1465 151 1490 v·
164 1456 232 1504 1223.)
247 1455 335 1495 amiciss.
348 1456 441 1494 Nobhius
451 1456 546 1494 servavit.

87 1507 89 1509 ’
104 1506 161 1543 1228.
186 1509 292 1560 parabat]
305 1508 366 1547 Wak.
377 1508 468 1546 coniecit
477 1509 568 1560 peribat,
582 1506 626 1546 sine
639 1521 706 1547 causa.

102 1557 159 1595 1229.
186 1570 207 1597 et
217 1560 351 1613 magnopere]
366 1560 396 1597 sic
405 1560 491 1611 plurimi
502 1560 551 1598 libri
561 1565 581 1597 ct
593 1572 665 1598 omnes
677 1560 767 1599 editores

50 1611 98 1655 post
108 1607 232 1648 Lambinum
244 1618 329 1661 praeter
339 1611 411 1661 wau,
426 1611 461 1663 qui
472 1612 534 1650 Poor.
547 1613 604 1651 Cant.
616 1619 636 1651 et
646 1619 695 1653 vett.
707 1613 765 1654 editt.

50 1659 174 1697 auctoritate
188 1663 285 1713 copulam
302 1676 334 1711 ει,
349 1664 436 1713 delevit,
450 1670 473 1701 ut
484 1675 555 1702 sensus
565 1664 604 1701 sit:
625 1667 694 1713 „Eam
704 1677 766 1703 aeru-

50 1720 121 1748 mnam
131 1712 185 1749 inter
195 1727 275 1763 omnes,
285 1728 339 1767 quae
351 1716 450 1754 morbum
461 1717 618 1765 comitarentur,
626 1717 717 1755 maxima
726 1717 766 1755 mi-

50 1761 153 1800 seratione
167 1764 250 1816 dignam
260 1768 385 1816 putavisses;
393 1769 406 1788 “
424 1767 479 1819 quod
487 1769 578 1818 probare
588 1781 678 1820 nequeo.
703 1768 764 1810 vind.

50 1810 114 1851 hahet
124 1825 144 1852 et
154 1830 218 1868 opere,
231 1819 282 1857 Brit.
290 1821 308 1859 3.
319 1820 365 1857 Ver.
371 1820 422 1858 Ven.
433 1835 497 1872 opere,
512 1820 561 1859 Brit.
568 1821 586 1859 1.
596 1825 626 1859 Et
635 1836 764 1873 summopere.

101 1867 158 1905 1231.
186 1874 246 1909 morti
257 1871 378 1920 damnatus]
397 1875 426 1910 De
436 1872 476 1909 hac
490 1871 645 1909 constructione
654 1872 714 1910 verbi
727 1875 764 1911 cia-

49 1928 118 1955 mnare
127 1930 175 1955 cum
185 1922 248 1958 tertio
259 1935 307 1959 casu
318 1922 374 1959 conf.
386 1923 483 1960 Ruddim.
495 1924 547 1961 inst.
559 1925 593 1960 Gr.
602 1925 626 1960 u.
638 1926 708 1973 prou.
719 1930 763 1962 not.

50 1965 92 2013 39„
112 1969 147 2019 qui
158 1979 267 2022 comparat
277 1973 338 2023 Apul.
349 1975 397 2013 Met.
410 1974 438 2016 X,
454 1987 476 2025 p.
486 1975 531 2015 353.
550 1974 585 2025 (p.
594 1974 639 2015 748.
656 1974 763 2025 Oudend.)

49 2019 150 2059 mulierem
161 2023 231 2063 bestiis
240 2040 283 2064 esse
294 2028 418 2065 damnatam.
540 2061 542 2063 ,

69 2073 157 2127 ..1232
184 2077 278 2123 „Carum
292 2084 387 2114 nostrum
402 2090 445 2114 non
457 2077 509 2116 adeo
523 2075 617 2128 ὄλμονσον
630 2079 714 2116 auribus
725 2091 762 2116 er-

49 2123 121 2159 stitisse
133 2124 229 2177 credam,
253 2128 304 2179 quin
312 2126 438 2180 ιιιιιιόῳωνον
449 2130 557 2168 evitaverit
566 2130 689 2168 scribendo:
712 2131 762 2181 Def.

49 2175 117 2222 animi,
132 2191 157 2214 m.
169 2192 185 2215 c.
197 2195 214 2217 c.
226 2183 253 2227 i.;
267 2187 303 2218 aut
311 2181 386 2219 saltem
398 2181 484 2219 vocibus
494 2181 637 2233 transpositis:
652 2182 701 2235 Def.
714 2185 761 2222 ani-

48 2235 90 2271 πιο,
109 2241 152 2265 cum
167 2243 242 2270 moesto
253 2248 269 2271 ο.
279 2234 310 2271 i.“
336 2232 370 2271 Sic
379 2237 411 2273 W
413 2236 462 2281 als,
481 2234 517 2284 qui
531 2235 554 2272 in
565 2241 663 2272 contextu
677 2233 761 2284 quidem

48 2277 133 2313 servavit
142 2279 250 2331 vulgarem
261 2284 364 2333 ordinem,
374 2286 411 2323 sed
422 2298 461 2335 pro
473 2301 517 2325 cnm
527 2299 538 2323 e
548 2286 670 2324 coniectura
679 2286 760 2335 scripsit

48 2338 112 2375 quum,
126 2342 168 2376 „ne
181 2336 308 2373 constructio
318 2337 434 2375 labasceret
439 2338 462 2384 ;“
475 2338 524 2387 quia
532 2338 633 2376 nimirum
642 2345 663 2376 ct
672 2348 759 2387 sequen-

47 2379 68 2411 te
78 2387 137 2415 versu
145 2384 283 2424 mutationem
292 2388 351 2436 fecit,
362 2401 405 2427 non
412 2387 479 2439 magis
491 2389 637 2429 necessariam.

98 2431 155 2486 1233.
182 2440 271 2477 unimam
292 2452 313 2479 et
326 2442 420 2480 mittebat
438 2443 525 2492 ibidem]
546 2443 577 2480 sie
593 2440 693 2479 edidimus
710 2451 758 2477 cum

48 2480 289 2538 ⁰m1¹1hu82utvldetur‚
303 2492 400 2531 Lambini
413 2492 489 2541 uodo„
506 2497 560 2533 lunt.
572 2500 594 2531 et
603 2493 649 2533 Ald.
660 2494 691 2541 2.,
706 2503 758 2542 quos
