1690 2654
87 117 135 174 350
256 148 259 151 <
316 119 591 173 ‘antoninianas

87 239 176 291 apoliote
182 246 203 276 et
210 238 317 278 detondetc
323 239 432 290 gubernas,
442 245 463 278 et
470 241 544 279 veteris
552 240 651 280 Gto's‘sarii
659 241 806 282 Graeco-Lat.

89 296 210 339 auctorem,
226 319 239 338 „
248 290 382 337 Gubernum,
395 290 537 344 nvsla'pvtovf‘
549 293 683 331 scribentem.
821 326 823 329 .

86 356 88 362 ’
125 334 193 396 [445.
211 343 322 394 Relinque]
336 343 385 387 Ver.
401 344 453 380 Ven¹
464 346 525 384 'Nnrn
539 359 602 398 qnae,
617 355 681 396 quare
696 343 759 383 tt‘ak.
776 350 807 382 te·

85 393 146 430 'litere
156 391 210 430 c‘onl·
222 396 267 431 Iam
277 400 329 444 quoe
339 408 375 445 per
383 396 459 434 coelum
467 411 546 448 qnoque
555 412 573 435 2¹·
586 411 606 434 n.
615 412 638 447 p.
652 417 676 423 -
692 395 762 449 quom]
777 396 808 446 sie

85 443 171 483 Wak.'e
181 443 239 482 Bodl.
251 443 312 481 Vind.
322 445 382 483 Poor.
395 446 444 483 Brit.
458 450 475 487 1.
483 449 502 487 2-
512 449 531 487 3.
545 449 602 485 Cant.
612 449 660 486 Ver.
671 448 722 486 Ven.
731 444 778 485 istd.
787 448 806 486 1.

87 496 148 538 Bon.;
164 494 226 547 vulgo
239 506 293 542 tum,
308 501 332 532 ut
343 507 353 532 e
365 497 417 534 meis
429 498 487 535 libris
498 499 550 536 Brin.
561 500 615 537 tunt.
629 497 674 536 Ald.
683 499 703 538 2.

108 553 110 557 ’
139 544 186 586 446.
212 547 297 597 nimbos]
310 547 339 584 sic
350 549 399 588 Hav.
411 555 431 586 et
441 550 502 591 Wali.
514 563 562 588 cum
573 550 669 588 omnibus
678 549 747 597 libris,
761 548 808 586 vul-

87 610 114 649 go
128 600 201 637 nnbeis
219 611 230 636 e
245 598 360 637 temeraria
375 601 471 639 Lambini
488 602 609 640 mutatione.
635 603 705 641 Nimbi
718 600 774 638 enim
787 606 808 638 et
830 629 832 632 .

86 651 150 689 nubes
164 656 236 688 nostro
252 650 371 697 promiscue
386 660 520 703 usurpantur.
541 652 613 702 (Conf.
628 655 643 702 t,
656 654 701 692 806.
713 653 748 702 IV,
761 652 806 693 173.

87 701 112 750 V,
123 703 168 741 290.
181 705 215 750 Vt,
225 699 270 740 482.
282 701 326 740 521.
339 703 395 752 etc.)

138 751 183 792 447.
209 768 269 804 quom
280 756 331 803 qno]
346 754 402 790 Haec
412 752 503 803 vulgaris
514 759 546 791 est
555 753 626 802 lectio,
636 753 685 792 inde
695 754 722 792 ab
731 753 776 793 Ald.
787 755 806 794 1.

83 810 125 856 per
132 816 204 841 omnes
215 803 271 842 editt.
278 803 344 854 usque
356 804 383 841 ad
393 803 454 843 Wak.
465 805 586 857 propagata,
598 819 661 857 quam
672 819 720 844 cum
730 806 807 844 Eichst.

85 854 170 895 retinui.
196 854 258 903 Wak.
274 861 357 904 autem,
373 855 436 894 Codd.
450 858 598 895 auctoritatem
611 857 672 895 unice
686 858 807 907 respiciens,

87 919 155 957 quum
165 906 227 947 Vind.
240 905 288 944 Brit.
300 908 317 945 1.
331 907 413 945 utrix.
427 909 474 947 Ver.
486 908 537 950 Ven.
547 924 623 962 aquae,
637 908 704 960 Lugd.
716 911 735 949 1·
748 908 807 947 Bodl.

86 958 137 997 Brit.
148 960 168 998 2.
184 973 246 1011 aque,
261 957 326 1009 Lugd.
339 960 358 997 2.
376 971 448 1013 atque,
461 961 524 997 Poor.
541 961 601 1000 Cant.
618 975 741 1013 quernaque
758 972 808 1010 sup-

74 1010 194 1061 peditent,
209 1022 220 1047 e
232 1008 285 1047 coni.
300 1008 357 1047 dedit
370 1027 395 1049 nc
407 1027 459 1063 qna,
475 1010 531 1062 quod
543 1012 648 1062 quomodo
660 1025 708 1050 cum
718 1024 807 1062 praece-

84 1061 127 1114 ptis
135 1061 228 1100 metricis
239 1061 349 1100 conciliari
358 1064 434 1111 possit,
449 1075 492 1099 non
502 1063 613 1114 perspicio.

140 1112 185 1154 449.
212 1112 267 1162 enm]
282 1114 312 1150 sic
325 1114 391 1163 Lugd.
403 1116 421 1165 t.
431 1115 450 1153 2.
460 1113 510 1152 Brit.
523 1116 541 1154 1.
552 1117 571 1155 3.
588 1116 645 1154 Cant.
656 1116 709 1154 Iunt.
718 1113 764 1153 Ald.
775 1115 807 1163 2.;

88 1166 154 1203 ceteri
169 1164 219 1202 libri
235 1180 285 1203 cum·
305 1164 345 1202 Sed
356 1167 381 1210 tt,
394 1164 438 1204 804.
453 1168 540 1218 quodum
557 1176 617 1205 sensu
627 1168 657 1218 fit
671 1166 750 1215 pariter
763 1166 808 1204 sine

84 1216 243 1269 praepositione
257 1214 341 1268 legitur.
355 1238 381 1245 -
395 1220 427 1255 nti
442 1216 620 1258 muneratae.
634 1216 743 1264 exhibent,
756 1217 807 1256 reli-

84 1281 131 1319 qua
143 1267 269 1318 exemplaria
280 1279 312 1318 nt,
326 1268 433 1308 mendose.
538 1292 541 1295 -

139 1318 185 1361 450.
207 1322 325 1371 florentia]
339 1321 400 1359 Poor.
411 1318 462 1360 Brit.
470 1321 490 1359 2.
502 1320 554 1355 lunt.
566 1324 587 1355 et
599 1319 645 1357 Ald.
654 1321 675 1358 2.
682 1322 808 1372 flagrantia,

87 1382 113 1409 ex
127 1370 326 1421 interpretamento,
340 1370 378 1408 etsi
394 1371 451 1408 bunc
467 1382 551 1409 versum
563 1383 606 1408 non
616 1371 677 1408 aliter
685 1371 748 1408 affert
759 1373 808 1410 Cru-

89 1423 175 1473 quianus
186 1425 341 1461 commentator
349 1422 376 1460 ad
385 1423 436 1462 Hor.
445 1424 486 1461 Sat.
498 1424 523 1469 ll,
535 1424 554 1471 1,
565 1423 605 1470 25„
620 1434 683 1473 quem
692 1421 753 1463 Wak.
762 1422 808 1461 lau-

88 1475 130 1514 dat.
154 1474 212 1521 conf.
229 1474 338 1512 Lucretius
351 1474 395 1524 ipse
409 1476 431 1523 I,
449 1476 493 1514 899.
508 1480 529 1511 et
543 1486 596 1525 quae
610 1473 645 1526 ibi
656 1474 808 1516 annotavimus.

88 1527 155 1567 Bentl.
164 1533 190 1563 “et
202 1527 262 1569 Wak.
276 1525 312 1563 hic
327 1532 453 1575 comparant
463 1525 551 1563 Tertull.
564 1526 624 1576 Apol.
636 1539 654 1573 c.
665 1527 696 1565 11.
708 1538 757 1563 cum
768 1529 809 1564 He·

65 1626 68 1629 ,
86 1578 157 1626 ¹raldi,
176 1584 247 1616 annot.
265 1580 317 1620 Stat.
332 1576 398 1616 Theb.
410 1577 428 1627 l,
437 1579 484 1620 210.
496 1579 522 1627 il,
534 1579 580 1618 276.
594 1576 665 1617 Claud.
678 1576 703 1616 de
712 1578 809 1630 Magnete

94 1631 128 1680 (n.
139 1628 185 1678 48.)
199 1643 219 1669 v.
231 1632 250 1671 7.
264 1628 363 1680 aliosque.

144 1681 193 1721 452-
212 1685 332 1733 geminare,
345 1693 385 1730 pro
403 1692 445 1730 quo
462 1682 519 1718 Cant.
536 1679 592 1717 male
608 1683 735 1733 ger‘minore,
748 1692 809 1720 more

90 1731 183 1772 Lucretii
193 1732 286 1770 absolute
297 1738 328 1778 est
337 1732 436 1781 positum,
446 1730 625 1782 quemadmodum
634 1732 689 1780 apud
695 1732 751 1783 Virg.
758 1736 810 1778 Ceo.

90 1785 109 1834 I,
121 1781 255 1835 333.‚,quem
266 1782 326 1822 Wak.
335 1783 419 1827 laudat,
434 1786 566 1836 ingeminare.
582 1783 658 1830 (Conf.
670 1783 696 1821 ad
707 1784 724 1831 Ι,
736 1785 796 1834 398.)
818 1815 828 1822 .

87 1835 89 1875 Ῐ
141 1835 188 1876 457.
213 1835 317 1883 videntur]
331 1833 489 1874 sicWakeum
499 1834 736 1877 flottroornrinue.
750 1837 810 1875 Cant.

85 1887 144 1926 ⁴Bri'x.
158 1888 206 1924 Ver.
223 1891 285 1935 Ven,
299 1899 312 1924 a
324 1886 398 1936 quibus
406 1886 510 1937 scriptura
521 1885 586 1937 Lugd.
599 1889 616 1926 1.
626 1889 646 1926 2.
660 1890 756 1927 videatur
765 1901 809 1926 non

91 1938 280 1990 differr'evidetu13
294 1937 420 1978 ceteri-..libri
429 1940 532 1987 nudemur,
546 1943 570 1975 ut
581 1937 651 1990 vulgo.
664 1960 690 1967 -
703 1939 735 1990 et]
749 1939 808 1980 Bodl.

91 1992 141 2029 Ver.
154 1992 204 2029 Ven.
216 1990 261 2030 Ald.
273 1991 352 2030 1.,Βοη.
362 2001 529 2039 ut,„perperam.
553 2013 554 2016 =
797 2033 799 2035 ,
825 2000 827 2004 ·

143 2040 190 2082 460.
217 2053 304 2088 mutare,
317 2042 331 2082 i.
342 2054 360 2081 e.
371 2054 410 2093 per
421 2041 496 2079 seriem
505 2052 625 2091 peragrare,
638 2046 662 2079 ut
672 2042 734 2082 Wak.
745 2041 810 2081 inter-

92 2100 198 2144 pretatur,
212 2094 239 2131 ad
248 2092 392 2140 imitationem
404 2094 544 2140 Graecorum,
559 2092 651 2145 nisinen
661 2094 735 2133 eodem
745 2095 810 2135 modo

89 2144 250 2196 usurpantium,
265 2146 321 2196 quod
332 2145 404 2184 Faber.
417 2144 444 2182 ad
454 2143 476 2184 h.
485 2143 499 2181 1.
511 2149 569 2181 recte
579 2144 700 2191 observavit.

144 2195 189 2237 463.
216 2197 320 2247 mirande]
335 2196 365 2235 sic
381 2196 432 2234 Hav.
447 2198 468 2234 et
479 2195 540 2234 Wak·
550 2208 599 2233 cum
609 2197 676 2249 Lugd.
689 2199 707 2237 1.
717 2199 738 2238 2.
748 2198 811 2238 Vind.

92 2249 154 2287 Poor.
169 2247 218 2287 Brit.
230 2251 248 2288 1.
260 2249 363 2297 3.Cant.;
378 2247 483 2297 111612.
500 2249 551 2284 Bon.
567 2250 621 2289 lunt.
635 2251 738 2297 mirando,
752 2250 810 2291 Bodl.

81 2300 143 2338 ’Brit
153 2301 175 2338 ’2.
187 2300 240 2351 Bria.
251 2301 299 2337 Ver.
309 2302 361 2340 Ven.
373 2301 473 2339 miranda,
487 2298 545 2347 (Vid,
554 2312 616 2349 supra
627 2301 653 2338 ad
664 2314 682 2339 V.
692 2299 753 2347 420.)

145 2349 191 2391 468.
218 2354 359 2405 aegriusfest,
372 2351 386 2393 i.
398 2364 415 2390 e.
433 2349 546 2390 difficilius.
572 2352 605 2391 Sic
621 2351 682 2392 Wak.
695 2352 810 2392 restituite

92 2403 160 2456 Lugd.
174 2404 192 2441 1.
204 2404 236 2450 2,,
249 2402 374 2449 rectissime3
392 2402 478 2454 plurimi
494 2401 543 2440 libri
560 2407 654 2458 egregius
669 2416 710 2452 est,
728 2405 811 2454 praeter

93 2457 154 2495 Poor.
166 2454 215 2493 Brit.
228 2456 246 2493 1.
261 2455 318 2493 Cant.
334 2455 379 2491 Ald·
392 2458 410 2494 l·
422 2456 441 2493 2.
451 2457 501 2493 Bon.
517 2456 583 2506 lunt,
596 2468 627 2496 est
643 2456 773 2504 omittentes,
786 2463 811 2495 ut

93 2507 191 2561 vulgares
207 2505 264 2547 editt.
276 2510 344 2562 Aegre
359 2513 430 2545 autem
440 2519 480 2558 pro
490 2507 526 2561 dis
539 2510 576 2549 cile
586 2507 696 2549 Lucretius
705 2508 749 2561 ipse
759 2508 810 2548 dixit
