1690 2654
101 126 149 171 410
331 123 603 166 ANNOTATIONES

101 236 155 288 phae
171 232 324 272 exsuscitabant
341 239 362 272 et
378 234 521 284 properabant
533 233 624 286 aquas.“
650 234 714 273 Godd.
728 234 818 273 varietas

100 289 162 332 sic-se
171 286 246 332 babet,
260 292 284 323 ut
294 288 355 323 Poor.
367 293 387 323 et
400 287 457 323 Cant.
468 286 592 324 Wakefieidi
604 288 729 337 scripturam
742 294 816 325 tuean-

100 347 146 387 tur,
162 338 227 389 Lugd.
239 341 256 377 l.
265 340 285 377 2.
295 337 356 378 Vind.
367 337 476 375 exhibeant
488 340 590 387 erubunt,
605 338 661 389 quod
672 338 732 377 Wak.
745 351 769 376 ex
781 352 818 376 an-

100 390 186 441 tiquiori
198 389 347 440 orthographia
356 391 552 429 errabant-fluxisse
563 397 629 441 putat,
643 391 697 429 Bria.
709 393 756 429 Ver.
768 393 818 429 Ven.

100 444 214 493 uestitum,
230 442 273 482 ald.
286 445 303 482 1.
313 443 332 480 2.
346 444 394 491 Bon.
406 445 459 480 lunt.
473 445 566 490 eribant,
582 450 605 480 ut
614 443 709 494 vuigares
720 444 777 481 editt.
792 464 817 470 -

100 495 189 532 Orethus
200 507 249 538 vero
260 494 386 532 Wakefieldi
396 495 537 532 mutationem
552 502 664 545 propterea
676 494 818 545 reprehendit,

100 547 170 597 quod,
185 546 275 596 Epicuro
287 546 386 592 iubente,
399 547 506 583 Lucretius
517 547 567 583 talia
579 547 666 584 deorum
677 560 741 596 opera
752 546 817 583 admi-¹

99 599 185 637 nistrari
196 598 273 649 ubique
283 598 396 647 negaverit,
412 610 475 647 quam
488 598 641 636 dubitationem
652 599 777 647 comprobat
788 603 818 635 et-

99 651 142 689 iam
160 652 238 688 Censor
254 649 297 686 eius
314 649 335 685 in
345 649 430 698 Ephem.
445 648 476 686 lit.
489 652 567 694 tenens.
580 651 637 688 1823.
648 652 725 696 n.76.,
743 649 779 700 qni
792 662 816 686 eo

100 703 153 740 adeo
167 701 312 753 progreditur,
325 706 360 749 ut,
375 712 440 750 quum
450 700 560 737 Lucretius
568 703 601 750 IV,
612 702 691 741 582ss
711 701 817 751 Nymphas

100 768 144 793 esse
157 756 241 791 omnino
251 757 344 803 negaret,
359 763 382 787 er
391 751 513 788 coniectura
522 752 608 789 suadeat
616 752 763 791 scribendum:
777 755 817 805 oyl-

99 809 178 847 uestria
188 806 262 856 templu
274 805 421 855 Lympharum,
434 806 540 855 ‚,woldz'ge
553 805 720 856 Quellgrotten.“
746 810 771 843 At
781 817 816 841 ve-

44 889 46 891 .
99 871 124 896 ro
140 870 203 909 quani
218 868 295 906 parurn
305 854 409 893 idoneum
418 854 447 896 sit
456 855 497 893 hoc
509 863 670 906 argumentum,
683 856 771 907 quisque
782 855 816 893 vei

99 923 134 947 me
147 922 189 946 non
199 914 299 945 monente
309 907 372 953 videt,
387 919 451 957 quum
462 909 580 953 Lucretius,
591 908 627 959 qui
637 921 680 945 non
691 908 760 945 solum
770 907 815 957 phi-

99 961 211 1010 losophus,
224 960 260 997 sed
272 960 335 996 etiam
346 961 410 1008 poeta
417 959 464 995 vuit
474 959 562 1007 haberi,
575 966 599 996 ut
609 960 708 997 orationis
718 961 832 1010 inserviat,

100 1013 182 1051 ornatui
195 1018 216 1049 et
228 1011 304 1056 colori,
320 1011 389 1048 statim
403 1010 428 1048 ab
440 1010 500 1049 initio
512 1012 614 1049 Venerem
624 1012 723 1049 invocare
733 1011 772 1048 sihi
784 1011 816 1047 in-

100 1065 197 1115 dulgeat,
211 1070 244 1112 ut,
258 1065 351 1100 Martem
362 1063 557 1113 mitigans‘amore,
570 1075 645 1113 pacem
659 1063 756 1102 Romanis
768 1063 816 1101 sub-

99 1117 209 1162 ministret,
222 1114 342 1164 pariterque
352 1116 387 1159 VI,
398 1117 422 1153 91
433 1128 458 1152 ss.
486 1115 589 1163 Calliopes
600 1116 698 1152 auxilium
709 1115 815 1165 imploret,

65 1210 67 1212 ¹
101 1181 143 1217 quo
159 1167 197 1204 sibi
212 1166 321 1216 contingat
337 1171 421 1202 aeterna
436 1166 519 1203 virtutis
530 1180 619 1213 corona,
636 1180 699 1217 quum
712 1168 815 1214 V1‚1075.

100 1221 226 1269 Neptunum,
239 1219 302 1255 maris
313 1222 335 1253 et
344 1228 445 1266 aquarum
458 1217 526 1264 deum,
536 1225 695 1268 commemoret,
705 1225 725 1255 et
734 1218 815 1267 saepius

101 1272 151 1308 deos
162 1276 235 1318 utpote
246 1275 307 1305 testes
319 1274 340 1304 et
349 1280 459 1317 sponsores
469 1268 558 1305 invocet.
574 1270 644 1318 (Conf.
652 1271 679 1315 II,
692 1268 814 1316 434.1093.;

101 1329 121 1360 et
131 1321 170 1359 vid.
182 1333 235 1370 quae
247 1320 273 1356 ad
280 1320 352 1365 v‚515.
360 1319 505 1356 annotavimus
513 1322 526 1366 ).
540 1324 614 1358 Sensus
623 1322 688 1372 igitur
697 1322 727 1358 nil
739 1322 814 1369 obstat,
824 1315 832 1321 ’

101 1373 150 1425 quin
163 1371 318 1423 exquisitiorem
330 1370 389 1408 iilam
401 1370 526 1421 scripturam
537 1369 707 1422 comprobemus,
720 1372 816 1423 inprimis

100 1438 164 1477 quum
181 1426 244 1462 etiam
262 1429 374 1472 corruptae
385 1422 487 1460 lectiones
501 1423 567 1461 multo
579 1424 662 1461 facilius
675 1437 686 1462 e
702 1425 816 1462 difficiliori

99 1480 193 1517 excibant
207 1475 277 1525 (quod
292 1482 363 1511 tamen
380 1474 467 1511 verbum
482 1488 524 1522 non
539 1475 660 1513 inusitatum
670 1483 700 1521 est
709 1477 815 1523 Lucretio,

99 1529 156 1567 conf.
167 1529 194 1575 H,
207 1528 252 1567 327.
265 1533 286 1564 et
297 1528 330 1574 IV,
344 1527 418 1574 1211.)
434 1540 496 1576 quam
507 1528 590 1564 extrito
601 1527 638 1564 iiio
651 1535 671 1564 et
682 1528 762 1577 vulgari
772 1532 815 1567 exi—

99 1583 148 1620 bant
160 1580 209 1617 oriri
221 1579 318 1628 potuerit.
347 1577 494 1616 Coniecturam
506 1591 555 1616 vero
568 1579 660 1616 Censoris
672 1579 749 1629 Orellii,
765 1579 815 1617 licet

98 1633 165 1683 probe
182 1631 258 1677 sciam,
268 1642 334 1678 ¹voces
350 1632 450 1683 nymphae
461 1636 482 1667 et
491 1632 585 1681 lymphae
595 1632 696 1668 sexcentis
706 1631 728 1668 in
739 1631 791 1669 Iocis
802 1644 815 1669 a

98 1684 190 1721 librariis
204 1695 248 1719 esse
264 1688 414 1727 commutatas,
429 1683 498 1729 (conf.
509 1682 569 1719 Wsk.
581 1682 606 1718 ad
621 1684 682 1719 Lucr.
698 1684 732 1729 VI,
747 1685 813 1732 1173,

98 1735 135 1773 ubi
146 1742 217 1771 tanieu
227 1735 314 1785 lymphis
323 1732 492 1783 praeferendum,
506 1733 575 1770 Heins.
588 1733 614 1770 ad
626 1733 683 1770 Ovid.
695 1735 741 1772 Her.
749 1736 773 1780 V,
780 1737 814 1774 31.

99 1786 125 1824 ad
136 1788 221 1823 Metam.
233 1786 266 1832 IV,
278 1786 323 1824 298.
339 1784 428 1823 Brouhh.
440 1784 466 1821 ad
478 1786 537 1834 Prop,
548 1782 658 1831 1[,23,19.
673 1788 706 1831 tu,
718 1783 779 1831 114.
793 1792 814 1824 et

97 1840 130 1885 21,
140 1840 172 1877 26.
192 1836 299 1874 Drakenb.
310 1836 337 1873 ad
349 1836 421 1872 Silium
433 1838 469 1880 XI,
478 1835 523 1875 120.
545 1836 640 1873 Huschke
653 1837 679 1873 ad
688 1837 764 1876 Tibull.
777 1838 813 1885 IV,

99 1892 154 1936 160.
168 1887 301 1938 Sillig.'Epist.
310 1889 355 1925 crit.
363 1901 383 1936 p.
390 1889 407 1926 8.
417 1887 493 1935 etalii)
509 1900 533 1925 eo
543 1889 612 1924 minus
622 1890 712 1937 probare
721 1902 813 1939 possum,

98 1943 147 1991 quia
161 1939 311 1991 antiquissimis
324 1941 468 1978 Romanorum
481 1939 620 1989 scriptoribus
634 1943 726 1991 Lympha
739 1941 813 1979 eadem

44 2030 46 2034 ,
97 1993 149 2040 fuit,
164 2004 217 2043 quae
229 1995 336 2044 Nympho,
345 2003 417 2040 aquae
435 1998 456 2027 et
471 1990 561 2029 fontium
576 1990 615 2028 dea
628 1991 697 2037 (conf.
709 1994 775 2041 Varro
788 1994 812 2033 R.

98 2045 121 2081 R.
134 2046 149 2091 1,
161 2047 207 2090 16.
228 2044 311 2080 Gruteri
327 2045 405 2079 Inscrr.
421 2044 493 2086 xciii,
508 2045 525 2080 1.
540 2045 610 2079 Festus
620 2039 648 2079 ‘in
665 2057 684 2084 v,
701 2045 811 2094 Lymphae,

98 2097 179 2132 Servius
189 2094 214 2133 ad
225 2099 273 2132 Aen.
283 2096 325 2141 vss,
338 2095 382 2133 377.
393 2100 414 2131 et
424 2095 564 2141 recentiores,
580 2107 632 2144 quos
641 2095 713 2132 laudat
722 2096 811 2135 Brouhh.

98 2146 125 2185 ad
137 2149 195 2197 Prop.
206 2150 238 2195 tu,
252 2144 284 2195 14,
293 2146 324 2194 4.)
342 2146 372 2183 ita
384 2152 419 2194 ut,
440 2144 521 2183 etiamsi
537 2145 657 2184 coniectura
671 2146 708 2184 illa
721 2159 812 2185 assume-

97 2205 168 2245 retur,
181 2198 242 2248 plane
259 2198 361 2245 eundem,
375 2209 438 2247 quem
453 2197 548 2234 omnium
562 2197 665 2235 librorum
676 2198 752 2246 lectio,
765 2211 810 2236 sen-

98 2262 145 2288 sum
161 2250 281 2298 praeberet,
293 2249 326 2287 vel
341 2256 399 2286 certe
413 2248 511 2299 ambigua
526 2256 585 2286 esset.
599 2271 624 2277 —
638 2252 735 2287 Ceterum
747 2251 811 2290 Bentl.

98 2315 137 2353 pro
153 2303 233 2340 tentore
248 2301 301 2339 coni.
318 2303 417 2348 humoris,
432 2308 456 2338 ut
470 2301 484 2338 l.
497 2302 529 2340 [V.
546 2314 565 2340 v.
577 2300 614 2338 ult.
631 2314 703 2352 guttas
716 2304 810 2341 humoris.

98 2352 174 2405 „Nihil
184 2365 276 2400 unquam
285 2352 326 2389 vidi
339 2352 436 2403 equidem
446 2351 578 2400 infelicius,“
593 2352 651 2390 addit
660 2352 721 2393 Wak.

150 2405 172 2443 V.
187 2402 232 2444 918.
258 2404 382 2441 laudatura
398 2405 465 2440 Nonio
476 2407 503 2451 X,
514 2405 533 2451 2,
547 2407 579 2453 (p.
591 2405 636 2444 767.
649 2405 726 2455 Goth.)
753 2405 810 2441 Gete-

97 2469 145 2494 rnrn
155 2456 222 2493 miror
228 2457 352 2509 ,neminem
364 2456 468 2492 editorum
479 2456 504 2492 de
513 2468 574 2492 sensu
585 2456 660 2493 versus
667 2457 770 2506 sequentis
780 2456 811 2492 di-

97 2508 161 2560 xisse,
176 2509 211 2560 qui
225 2519 269 2545 non
282 2506 343 2545 nimis
354 2507 376 2545 in
386 2508 457 2557 aprico
467 2506 546 2557 positus
554 2507 642 2546 videtur.
668 2507 770 2558 Equidem
778 2508 809 2545 lo-
