1690 2654
238 126 280 167 ΑΒ
297 122 434 166 LIBRUM
450 122 616 174 QUINTUM.
741 121 790 169 439

125 233 170 274 942.
196 236 255 285 diro]
268 235 322 272 Brlx.
337 234 382 271 Ald·
393 235 413 272 Ξ.
426 236 489 279 dara,
503 233 551 271 Brit.
564 235 582 272 1.
593 233 638 271 Ald.
652 235 669 273 1.
682 237 732 273 Bon.
744 236 788 283 clia,

73 298 126 337 quae
140 286 230 338 vulgaris
244 294 275 324 est
284 286 365 333 lectio,
379 292 437 323 recte
449 298 462 322 a
470 285 531 325 Wak.
542 285 656 334 eplurimis
666 287 725 325 libris
738 298 788 325 cor-

71 345 136 377 recta.
150 361 176 367 -
189 339 270 391 ampla]
284 341 338 376 Iunt.
349 353 418 391 aspro.

123 388 168 430 943.
195 391 239 438 Ar]
253 390 379 437 Macrobius,
393 389 429 440 qui
439 391 481 428 Sat.
492 389 528 436 VI,
539 389 557 427 1.
571 387 717 439 (p.162.ssip.)
730 389 788 426 hunc

71 452 155 478 versum
164 441 236 487 affert,
249 445 294 489 Ad,
309 442 366 491 quod
376 443 426 478 Har.
438 440 530 490 recepit,
546 444 569 476 ut
577 440 641 476 verba
650 443 721 479 sedare
731 444 787 479 sitim

71 504 131 529 more
143 495 272 529 Graecorum
282 495 342 529 unius
353 492 413 542 quasi
421 490 544 528 substantivi
559 503 647 527 munere
659 493 775 542 fungantur

73 555 113 591 qua
124 543 149 579 de
160 555 184 580 re
193 542 329 581 vehementer
344 543 429 587 dubit03
445 541 494 580 God.
511 546 569 582 Cant.
586 547 618 580 Er.
634 565 658 571 —
672 543 786 591 voi-atoni]

71 595 124 631 lunt.
138 596 247 640 docebant,
261 601 333 645 aperte
346 607 357 633 e
369 594 452 633 Marulli
462 594 494 632 vel
506 593 591 632 editoris
601 594 727 635 coniectura.

123 643 177 684 945..
202 647 269 685 Olarc’
284 648 406 696 citatiore]
426 645 460 683 Sic
477 647 532 683 edidi
550 658 562 682 e
579 646 712 695 coniectura,
733 658 786 696 quae

71 696 124 733 mihi
134 696 237 735 facillima
248 705 280 745 et,
290 698 338 735 fere
352 699 450 744 dixerim,
465 697 582 735 certissima
598 698 687 738 videtur.
714 699 787 735 Libro-

4 769 6 800 {
68 761 119 785 rum
130 748 216 786 varietas
226 749 257 787 sic
266 762 288 786 se
298 750 372 787 habet:
386 750 416 787 Pii
427 749 511 801 quidam
525 749 588 787 Codd.
599 750 666 800 Lugd.
675 752 694 789 1.
704 751 724 788 Ξ).
737 749 786 789 Brit.

70 801 90 838 2.
103 801 178 839 Glorici
187 804 268 848 tatiote,
283 801 354 842 Britss.
368 804 467 841 Cloricito
475 805 533 850 tiate,
545 801 602 851 quod
611 801 668 839 idem
677 807 713 848 est,
726 801 784 839 Bodl.

71 851 123 888 Brix.
134 855 182 891 Ver.
194 853 244 896 Ven.
259 855 354 892 claritati
363 868 376 891 o
386 864 412 902 te,
427 855 484 890 Cant.
497 856 556 890 Poor:
569 856 649 891 clarior
658 856 731 899 ociore,
744 866 786 890 un-

71 902 97 939 de
110 903 171 940 fiuxit
187 897 290 942 corrdotio
305 904 352 954 illa,
368 917 431 956 quam
443 905 540 942 exhibent
550 904 594 941 ald.
605 907 622 943 t.
634 906 653 942 2.
669 907 718 941 Bon.
730 908 786 944 lunt.

0 960 3 967 ⁴
72 956 150 993 Glorior
164 959 252 999 acclini,-
265 957 327 1005 plane
346 956 435 1007 denique
450 957 476 993 ab
490 956 521 993 lris
538 956 663 993 lectionibus
679 956 785 1003 differunt,

72 1018 125 1055 quae
136 1005 158 1042 in
168 1008 216 1045 Brit.
227 1008 245 1046 1.
257 1015 277 1045 et
287 1008 342 1045 inter
351 1021 405 1046 varr.
415 1009 473 1046 lectt.
484 1007 570 1045 editioni
582 1009 659 1045 Veron.
671 1007 786 1058 adscriptas

0 1078 3 1090 ι
70 1057 215 1096 inveniuntur:
230 1061 285 1098 Clam
302 1063 360 1099 iuvat
373 1072 451 1099 cernite
467 1066 488 1096 et
503 1062 590 1098 Claritat
603 1070 688 1098 aestate·
715 1060 743 1096 Ex
754 1059 786 1096 his

71 1109 132 1146 variis
142 1111 248 1160 scripturis
259 1111 307 1151 Sim.
316 1113 385 1149 Bosius
395 1111 487 1150 confecit
495 1111 610 1149 lectionem
621 1113 728 1150 claricitat
737 1113 785 1158 late,

2 1180 5 1213 ζ
72 1173 131 1211 quae,
143 1159 234 1212 vulgaris
243 1162 308 1209 facta,
322 1176 360 1211 per
369 1176 441 1201 omnes
453 1163 510 1200 editt.
519 1163 568 1200 inde
580 1177 592 1200 a
602 1163 675 1201 Lamh.
685 1175 786 1214 propaga-

1 1223 5 1258 ζ
70 1218 93 1249 ta
103 1219 139 1251 est.
166 1215 225 1255 Licet
236 1222 306 1252 autern
318 1215 384 1252 Codd.
395 1214 485 1266 vestigiis
496 1214 591 1265 proxime
601 1215 699 1261 accedat,
713 1220 786 1251 tamen

2 1262 4 1287 ἶ
70 1263 112 1302 hoc
126 1264 214 1303 verbum
230 1267 348 1306 claricitore
358 1280 401 1304 non
414 1266 472 1305 omni
482 1267 550 1303 solum
561 1266 680 1303 destituitur
691 1266 786 1303 auctori-

2 1316 3 1319 ’
70 1322 125 1364 tate,
140 1316 176 1354 sed
188 1317 250 1354 etiam
259 1318 380 1356 adversatur
390 1318 511 1369 analogiae,
526 1318 582 1368 quod
593 1324 650 1355 recte
661 1318 703 1353 iam
715 1317 785 1355 obser-

70 1368 126 1405 vavit
137 1369 199 1407 orell.
209 1369 279 1421 Eclog.
290 1384 310 1420 p.
322 1371 366 1419 55.,
380 1370 460 1419 primus
476 1370 498 1406 in
513 1370 554 1407 lroc
568 1368 616 1406 loco
631 1368 750 1418 offendens,
764 1375 785 1406 et

69 1426 127 1457 recte
143 1433 243 1469 monens,
255 1422 414 1472 participiorum
427 1422 513 1459 illorum
520 1424 649 1473 altregiam,
665 1423 783 1467 altivolans,

71 1472 224 1524 blandiloquens
235 1479 275 1511 etc.
290 1473 351 1524 plane
367 1474 429 1511 aliam
443 1485 486 1511 esse
500 1473 615 1520 rationein,
630 1471 733 1523 siquidem
747 1485 784 1509 ne-

70 1534 105 1560 mo
119 1523 204 1561 dixerit:
218 1524 328 1572 altitona,
342 1525 632 1575 altivolat,‚blandiloquitur.
658 1525 705 1561 Non
717 1525 784 1575 magis

70 1580 141 1611 autem
153 1576 217 1613 verba
232 1580 354 1629 (requisiero,
370 1580 482 1630 amplifico⁷
495 1579 603 1627 magnifico
618 1581 639 1613 et
655 1574 743 1624 similia,
757 1575 784 1612 ad

71 1637 124 1675 quae
138 1627 227 1665 fortasse
245 1629 319 1680 aliquis
335 1636 448 1680 provocet,
464 1642 511 1667 cum
526 1629 567 1665 hoc
583 1628 647 1666 verbo
666 1626 785 1676 comparari

70 1684 167 1727 possunt,
181 1685 254 1729 utpote
271 1694 320 1718 curn
335 1681 452 1731 adiectivis,
467 1694 509 1718 non
521 1693 571 1718 cum
583 1678 685 1717 adverbiis
698 1691 784 1730 compo-

71 1728 120 1775 sita,
136 1743 188 1781 quae
200 1732 297 1769 dicantur
309 1746 347 1782 pro
361 1746 451 1784 aequum
463 1746 550 1783 parare,
563 1732 670 1783 amplum,
683 1742 784 1782 maguum

70 1779 141 1819 facere
159 1789 198 1822 etc.
226 1784 289 1822 Orell.
305 1785 420 1834 suspicatur
437 1788 527 1825 Allector
542 1787 595 1831 late,
609 1796 662 1835 quae
674 1789 745 1821 tamen
755 1784 785 1820 le-

72 1832 112 1870 ctio
123 1832 184 1872 nimis
196 1848 208 1872 a
219 1836 281 1873 codd.
292 1836 383 1887 vestigiis
395 1838 481 1876 recedit.
509 1839 575 1875 Clorn'
587 1840 638 1875 citat
647 1847 697 1872 vero
708 1835 784 1872 facilli·

71 1894 104 1920 me
116 1884 136 1921 in
149 1888 256 1925 claricitat
268 1887 326 1925 abire
336 1889 415 1935 potuit,
431 1902 495 1938 quum
507 1889 551 1925 aliis
564 1888 626 1923 etiam
638 1886 659 1923 in
670 1886 722 1923 locis
733 1899 784 1936 apo-

71 1947 123 1984 cope
137 1937 210 1975 literae
224 1938 291 1976 finalis
308 1939 422 1978 slihrariis
438 1940 509 1977 fraudi
524 1940 594 1976 fuerit.
623 1938 698 1986 (Gonf.
716 1938 743 1976 ad
755 1938 783 1986 Π,

71 1987 115 2025 831.
127 1990 171 2028 999.
192 1993 223 2037 VI,
236 1992 292 2031 1137.
305 1993 358 2040 etc.)
387 1994 458 2031 Claros
470 1999 538 2029 autem
550 1991 585 2028 hic
598 1997 638 2027 est:
652 1990 757 2040 undique,
773 2001 783 2027 e

69 2036 184 2091 longinquo
196 2042 322 2089 audiendus,
336 2050 359 2080 ut
370 2044 387 2090 Ι,
399 2045 430 2084 98,
444 2045 501 2094 Virg.
512 2048 562 2082 Aen.
572 2046 596 2090 V,
608 2043 651 2081 139.
666 2042 724 2082 Ovid.
734 2043 783 2079 Met.

70 2090 103 2139 IV,
115 2093 157 2132 133.
169 2100 190 2131 et
200 2095 286 2144 saepius.
315 2095 387 2143 (Gonf.
402 2098 464 2133 etiarn
475 2097 525 2133 Diss.
536 2107 583 2133 mea
594 2093 619 2131 de
629 2096 690 2131 Lucr.
701 2101 745 2131 not.
752 2096 782 2134 76.

70 2153 90 2190 p.
101 2145 159 2190 119..
173 2146 209 2183 ubi
219 2147 263 2184 fere
274 2146 346 2184 eadem
357 2148 399 2191 iam
409 2148 533 2196 disputavi.)

121 2193 166 2236 946.
193 2210 243 2237 noto
259 2202 343 2250 vareia]
356 2198 386 2236 ita
403 2199 462 2237 Wak.
475 2197 590 2237 rectissime
602 2208 649 2234 cum
663 2196 719 2234 Bodl.
735 2197 782 2234 Brit.

70 2245 89 2282 1·
98 2247 117 2285 2.
126 2249 145 2287 3.
160 2249 217 2289 Cant.
233 2256 253 2287 et
270 2240 349 2289 cunctis
363 2251 419 2290 editt.
436 2257 497 2299 vett.;
511 2249 582 2296 vind„
596 2249 613 2286 si
624 2248 720 2287 collatori
730 2249 781 2287 fides

69 2295 177 2348 habenda,
191 2306 319 2354 nocriziagi35
331 2303 394 2353 vulgo
410 2306 525 2354 noctivagi,
545 2302 602 2352 qnod
616 2314 665 2339 sane
679 2303 700 2338 in
717 2300 781 2351 Lugd.

70 2350 89 2385 1.
102 2352 121 2388 2.
134 2351 236 2401 inveniri,
251 2367 275 2391 ex
292 2355 429 2406 Havercampi
443 2354 525 2393 silentio
543 2353 708 2392 concludendum
722 2357 780 2390 esset.

69 2402 134 2440 Bentl.
144 2405 218 2442 maluit
230 2418 289 2444 izocte
300 2411 356 2458 vagi.

120 2453 166 2495 947.
192 2458 370 2508 ltsioripliorion'-
384 2458 490 2509 excibant]
504 2459 533 2496 sic
547 2458 607 2496 Wak.
623 2456 649 2494 ob
669 2450 733 2493 codd.
744 2465 781 2491 au-

71 2506 189 2546 ctoritatem
198 2508 312 2548 lectionem
323 2512 437 2561 constituit,
447 2512 519 2550 locum
527 2512 557 2549 sic
569 2509 682 2560 explicans:
694 2534 708 2556 ‚,
715 2507 781 2555 Nym-
