1690 2654
57 84 110 131 1264
247 83 290 125 DE
308 83 588 130 RERUMNATURA

109 194 241 247 Giguitnaet
253 195 307 233 certo
321 192 397 234 deletur
409 197 498 246 tempore
509 210 590 246 rursus3

107 249 173 297 Quom
186 247 230 285 fieri
242 246 318 296 possint
330 251 372 286 tam
385 251 438 286 certo
451 253 541 299 tempore
552 251 623 289 multa.

56 296 95 339 750
134 299 185 337 Solis
198 299 247 349 item
260 311 338 348 quoque
350 300 438 338 defectus
450 300 548 351 lunaeque
562 303 651 343 latebras

107 351 201 389 Pluribus
214 364 225 388 e
239 350 303 389 causis
315 351 360 389 fieri
372 351 410 390 tibi
421 357 478 402 posse
489 354 598 403 putandum
611 358 647 393 est.
698 360 700 363 ’

105 402 164 449 Nam,
178 416 229 452 quur
241 403 289 442 luna
301 407 362 452 queat
373 407 448 443 terram
460 407 566 454 secludere,
579 406 650 456 poscis,
684 448 687 454 ,

106 454 197 502 Lumine,
210 458 231 494 et
243 467 256 493 a
268 456 326 494 terris
339 457 402 494 altum
415 461 473 506 caput
485 458 587 497 obstruere
600 458 625 508 ei,

80 545 82 547 ,
108 506 209 550 0biiciens
221 519 303 545 caecum
311 507 388 546 radicis
400 508 513 548 ardentibus
526 510 610 549 orbem?

54 554 95 598 755
108 557 209 608 Tempore
221 559 290 597 eodem
303 559 357 597 aliud
370 561 436 600 tacere
447 560 469 599 id
482 574 521 600 nou
533 575 591 612 posse
601 563 682 612 putetur

108 610 192 660 Corpus,
205 610 258 660 quod
271 623 348 649 cassum
360 611 442 659 labatur,
450 613 524 652 lumine
537 613 628 663 semper?

133 661 207 711 Solque
220 674 267 700 suos
279 662 341 700 etiam
354 663 452 709 dimittere
463 665 569 715 languidus
580 664 645 714 igneis
677 695 679 698 Α

107 713 209 763 Tempore
221 726 273 762 quur
284 717 337 751 certo
349 718 439 764 nequeat,
455 728 584 764 recreareque
596 717 670 761 lumen,

107 765 174 813 Quom
185 765 235 815 laea
242 764 349 813 praeteriit,
362 765 459 804 flammeis
471 765 550 815 infesta,
567 779 603 816 per
616 778 682 817 auras,
728 786 731 800 τ

54 814 95 856 700
109 817 166 866 Quae
177 815 329 866 iaeiuutigueis
340 816 466 868 interstingui
481 821 540 867 atque
551 818 631 868 perire?

132 869 158 906 nt
170 880 222 916 quur
233 871 287 906 terra
300 871 359 916 queat
370 869 438 907 lunam
451 870 536 918 spoliare
548 870 637 908 vicissim

105 918 196 966 Lumine,
209 922 233 958 et.
242 931 355 969 oppressum
368 920 430 959 solem
443 934 500 970 super
512 920 556 971 ipsa
569 925 642 969 tenere,

106 971 210 1010 Menstma
222 971 270 1012 dum
281 971 358 1022 rigidas
372 973 416 1011 coni
428 973 538 1023 perlabitur
550 975 642 1020 umbras;

106 1024 206 1073 Tempore
218 1024 288 1061 eodem
300 1024 356 1062 aliud
368 1028 452 1074 nequeat
464 1038 578 1064 succurrere
589 1026 651 1065 lunae

13 1077 14 1080 ’
54 1070 94 1113 765
108 1075 191 1125 Corpus,
203 1075 237 1113 vel
244 1081 308 1125 'supra
320 1075 367 1114 solis
379 1077 478 1125 perlabier
491 1078 565 1124 orbem,

106 1127 165 1178 Quod
176 1127 243 1177 rjadios
255 1125 386 1176 interrumpat
397 1128 505 1177 lumenque
513 1127 633 1178 profusum?
661 1144 663 1147 ·

133 1179 160 1216 Et
172 1177 244 1225 tamen,
257 1178 302 1228 ipsa
314 1191 349 1217 suo
362 1179 379 1216 si
390 1180 455 1230 fulget
465 1180 514 1218 luna
526 1180 596 1227 nitore,

87 1240 89 1244 “
107 1230 165 1278 Quur
176 1233 260 1279 nequeat
273 1233 327 1267 certa
340 1230 409 1268 muudi
419 1232 548 1283 languescere
560 1235 627 1281 parte,⁴
642 1248 645 1252 ’

106 1282 161 1320 Dum
172 1282 218 1320 loca
229 1281 336 1319 luminibus
347 1281 444 1331 proprieis
456 1282 537 1321 inimica
546 1296 585 1332 per
598 1281 653 1321 exit?

53 1327 94 1370 770
133 1333 190 1382 Quod
203 1336 297 1382 superest,
312 1332 411 1381 quomens,
426 1333 498 1384 magni
509 1346 545 1383 per
558 1335 639 1374 caerula
651 1333 721 1374 mundi

106 1385 152 1433 Qua
164 1384 209 1422 ficri
220 1383 315 1434 quidquid
326 1387 390 1433 posset
402 1383 486 1432 ratione3
497 1385 580 1424 resolvi:
609 1398 611 1403 ·

107 1436 161 1475 Solis
173 1437 203 1474 uti
213 1436 280 1474 varios
293 1436 361 1487 cursus
372 1436 469 1486 lunaeque
480 1440 557 1476 meatus

105 1487 193 1528 Nascere
204 1493 305 1537 possemus
317 1487 410 1536 quaevis
423 1493 442 1526 et
454 1500 515 1527 eausa
528 1488 598 1537 cieret3
651 1511 653 1514 .

107 1540 178 1588 Quove
190 1540 249 1578 modo
261 1539 338 1577 soleant
349 1538 421 1578 offecto
434 1539 510 1578 lumine
523 1540 586 1589 obire,

54 1588 95 1630 775
107 1593 133 1637 Et
145 1605 181 1629 nec
194 1591 304 1641 opinanteis
315 1591 401 1640 tenebris
413 1592 509 1630 obducere
522 1595 598 1639 terras3

107 1644 174 1691 Quom
187 1643 244 1692 quasi
256 1641 365 1689 connivent,
379 1645 399 1680 et
411 1647 478 1692 aperta
491 1644 567 1682 lumine
581 1654 662 1684 rursum

108 1695 181 1733 Omnia
194 1694 295 1732 convisunt
303 1693 364 1732 vclara
373 1694 420 1732 -loca
433 1694 517 1733 candida
528 1696 584 1733 luce:
608 1696 611 1699 ’

33 1743 35 1747 ’
108 1746 165 1786 Nunc
176 1746 236 1785 redeo
249 1746 274 1784 ad
287 1745 356 1792 mundi
370 1745 479 1784 novitatem
492 1751 512 1784 et
523 1746 594 1785 mollia
604 1749 669 1786 terrae

107 1799 173 1844 Arva3
186 1810 237 1842 norro
250 1797 293 1835 fetu
305 1796 353 1846 quid
364 1797 451 1846 primum
463 1798 484 1835 in
496 1798 577 1837 luminis
590 1810 635 1836 oras

55 1845 96 1889 780
108 1850 189 1889 Tollere
199 1853 219 1888 et
231 1849 323 1887 ineerteis
335 1849 423 1888 creduiut
435 1849 559 1888 committere
571 1848 653 1900 veutcis.

133 1901 240 1951 Principio,
251 1913 313 1952 genus
325 1901 431 1940 herbarum
443 1901 567 1952 viridemque
577 1900 663 1940 nitorem
697 1918 700 1922 ⁴

108 1953 173 1993 Terra
185 1954 238 1993 dedit
250 1953 325 1992 circum
337 1952 416 2001 eolleis;
431 1964 550 2004 camposque
559 1965 599 2003 per·
607 1951 683 1994 omneis

107 2007 190 2045 Florida
203 2008 299 2045 fulserunt
310 2005 406 2044 viridanti
417 2006 565 2056 pratacolore:

107 2058 256 2107 arboribusque
268 2058 337 2096 datum
349 2058 462 2096 esevari‘eis
475 2057 544 2096 exinde
555 2070 591 2106 per
604 2069 664 2102 auras

57 2107 97 2150 785
110 2110 216 2149 Grescundi
228 2121 324 2160 magnum
337 2108 430 2149 immissis
442 2112 541 2149 certamen
553 2109 641 2148 habenis.

109 2163 137 2200 Ut
149 2164 217 2211 pluma
229 2166 288 2211 atque
300 2159 349 2210 pilei
361 2161 448 2211 primum
459 2165 551 2211 setaeque
565 2165 655 2200 creantur

108 2214 262 2263 Quadrupedem
274 2213 369 2251 membris
382 2217 402 2252 et
412 2226 494 2262 corpore
506 2212 675 2263 pennipotentum

110 2264 144 2304 Sic
157 2278 210 2303 nova
221 2269 264 2304 tum
277 2266 335 2303 tellus
347 2266 419 2304 herbas
431 2265 557 2315 virgultaque
569 2266 655 2315 primum

109 2316 203 2356 Sustulit:
215 2316 260 2356 iude
272 2318 311 2356 loci
323 2318 416 2357 mortalia
428 2318 488 2356 corda
499 2317 574 2357 creavit

56 2367 97 2410 790
108 2370 174 2408 lllnlta
186 2369 249 2407 modis
261 2369 335 2418 multis,
346 2371 404 2409 varia
415 2370 492 2409 ratione
505 2367 578 2416 coorta.

109 2421 161 2461 Nam
172 2434 236 2471 neque
246 2422 270 2459 de
282 2423 337 2460 coelo
349 2421 441 2461 cecidisse
453 2420 547 2462 animalia
558 2425 645 2474 possunt,

109 2472 151 2516 Nec
163 2472 264 2516 terrestria
276 2474 300 2514 de
311 2473 369 2517 salsis
380 2473 444 2516 exisse
455 2473 537 2522 lacunis.
600 2507 615 2523 ,η
642 2492 644 2496 ·
