1690 2654
231 112 275 169 ‘an
291 125 425 168 menan
440 125 584 167 euterun.
721 124 768 171 211

104 239 149 279 828.
176 241 222 285 At]
245 237 294 275 God.
311 237 378 286 Lugd.
395 238 413 275 1.
431 242 452 273 et
466 236 525 276 edin.
541 239 588 275 Ver.
605 238 658 276 Ven.
685 238 769 289 Λίσου
795 277 798 283 ,

52 302 150 340 „nempe
163 291 224 328 Lucr.
240 289 328 326 fortasse
345 287 467 338 scripserat,
481 288 522 325 alio
539 301 588 324 cum
601 287 674 325 ordine
689 288 768 325 verho-
799 284 805 296 “

51 353 111 389 rum,
124 347 154 380 Aa
168 356 220 395 quae
233 351 281 379 sunt
295 341 389 379 rerum.“
403 342 435 378 W
436 342 475 379 ale.
502 338 564 386 Quod
577 339 633 377 illius
647 340 717 378 variae
732 338 765 377 le-

52 393 127 431 ctionis
140 406 202 430 causa
212 392 244 428 vix
255 391 377 441 putaverim.

103 446 149 484 830.
175 442 256 480 Servius
271 441 297 478 ad
313 444 362 481 Aen.
378 441 413 487 IV,
428 440 473 479 625.
486 439 543 477 hunc
554 452 637 477 versum
650 453 674 478 ex
685 453 766 479 memu-
826 438 831 443 ¹

51 495 83 534 ria
92 496 122 533 sic
131 489 210 532 laudat:
225 495 286 533 Nunc
296 494 323 531 ad
335 497 471 544 Anaxagorae
482 495 587 532 veniamus
596 495 767 538 homoeomeriam.
783 494 784 497 ’

55 559 63 568 ”
104 548 149 585 832.
176 545 221 581 Vid.
233 544 260 581 ad
270 558 290 581 v.
300 541 345 583 140.

105 595 149 636 834.
175 595 314 649 Principium]
340 594 404 632 Godd.
422 594 487 647 Lugd.
502 597 522 635 2.
536 594 593 633 Bodl.
610 594 659 635 Brit.
677 596 696 635 2.
711 596 730 635 3,
746 601 767 632 et

52 661 125 687 omnes
135 647 191 687 editt.
202 653 251 686 vett.
263 650 380 699 Principio,
393 646 408 685 i.
420 660 436 685 e.
446 651 559 700 principib,
573 654 643 685 vetere
653 647 767 685 accusativi

51 700 122 738 forma
132 712 170 748 per
181 698 329 749 compendium
340 699 424 749 scripta.
442 698 499 747 [Vid.
511 699 564 738 adv.
574 700 619 739 661.
632 706 652 736 et
663 699 765 748 saepius.)

104 752 149 791 835.
176 751 198 801 e]
215 750 277 789 codd.
289 751 356 803 Lugd.
371 754 389 790 1.
403 752 422 789 2.
437 750 494 789 Bodt.
507 750 566 789 Vind.
579 751 628 789 Brit.
639 753 658 791 2.
671 752 690 790 3.
706 752 766 790 Cant.

53 803 111 842 editt.
123 804 174 841 Brix.
184 806 230 840 Ver.
242 807 292 842 Ven.
304 806 339 845 de.
353 808 376 839 ut
389 815 449 839 versu
463 809 573 853 sequente3
595 803 651 853 quod
666 804 716 840 flav.
732 814 767 840 re-

52 855 119 905 cepit,
134 853 245 893 metricam
263 853 409 891 difficultatem
422 853 463 891 illis
478 854 541 900 locis,
555 854 577 890 in
592 854 666 904 quihus
681 853 765 891 sfinale

53 907 147 956 eliditur,
160 904 266 944 removeri
276 905 381 953 iudicans,
394 904 431 942 sed
442 918 517 953 parum
527 904 592 952 recte,
606 905 709 955 siquidem
719 906 766 941 lite-

51 971 124 997 rarum
133 975 143 997 s
152 965 173 995 et
181 970 283 1008 tprorsus
293 958 374 995 diversa
386 963 415 994 est
424 957 485 996 ratio.
498 958 563 995 Recte
573 955 637 1008 igitur
648 956 725 997 aWak.
733 970 766 995 re-

52 1010 176 1061 prehensus,
191 1011 226 1060 qui
238 1010 347 1060 vulgarem
357 1009 456 1047 restituit.

103 1062 148 1100 837.
172 1063 282 1111 integrum
302 1060 358 1097 huno
373 1071 456 1096 versum
471 1058 554 1096 exhibet
569 1059 648 1096 Nonius
661 1060 705 1105 ΙΙΙ,
719 1061 764 1099 203.

52 1114 86 1163 (p.
96 1114 167 1161 610.)‚
180 1112 243 1149 verba
261 1117 330 1148 autem
341 1113 409 1149 νίσσιισ
419 1112 490 1163 gigni,
503 1126 634 1163 sanguenque
643 1115 709 1150 creari
718 1113 766 1148 Ser-

51 1166 96 1203 vius
106 1163 167 1201 affert
177 1163 204 1200 ad
216 1163 273 1214 Virg.
284 1166 333 1199 Aen.
344 1164 359 1210 Ι,
369 1164 414 1201 211.
426 1168 447 1199 et
457 1163 590 1211 Geo.l‚139.,
604 1162 639 1200 ubi
649 1163 711 1201 simul
721 1165 765 1200 Lu-

52 1214 118 1254 cretio
133 1215 185 1252 haec
199 1214 263 1251 verba
277 1213 373 1251 attribuit
387 1217 501 1252 Permixtas
515 1216 591 1253 viscere
601 1219 696 1266 sanguis,
711 1226 765 1266 quae

51 1266 129 1304 iamin
146 1265 204 1303 omni
221 1277 284 1315 opere
300 1264 425 1303 Lucretiam)
440 1266 518 1302 frustra
535 1273 670 1316 quaeruntur.
691 1266 764 1316 (Gonf.
822 1299 830 1304 .

50 1318 103 1356 Diss.
118 1330 166 1354 mea
180 1318 261 1368 saepius
278 1329 355 1355 comm.
370 1330 390 1367 p.
406 1318 450 1366 81.)
468 1317 579 1354 'Ceterum
596 1318 622 1355 de
637 1330 687 1355 voce
697 1322 764 1357 viscus

51 1369 93 1409 vid.
107 1369 204 1408 Ruddim.
219 1371 269 1407 inst.
288 1371 322 1406 Gr.
334 1371 348 1409 l.
359 1381 378 1418 p.
391 1370 434 1408 127.
447 1374 489 1406 not.
500 1370 532 1409 79.
547 1366 572 1417 (4
580 1368 642 1417 )··st.‚
652 1369 681 1410 ,de
694 1369 764 1408 forma

51 1420 714 1522 titulataittttllflttti&intumult
721 1421 764 1510 ll

51 1504 210 1572 immemo'rem,
226 1524 280 1561 conf.
291 1523 347 1561 idem
356 1523 453 1562 Rnddim.
463 1523 478 1563 l.
487 1536 507 1573 p.
521 1526 552 1562 17.
563 1501 608 1561 not’.
620 1522 652 1564 94.
667 1524 764 1563 Schneid.
815 1523 817 1525 ’

50 1576 91 1613 Gr.
104 1577 148 1613 Lat.
158 1578 184 1612 Π.
193 1589 213 1626 p.
227 1576 270 1617 172.
281 1582 302 1613 et
310 1573 355 1614 484.
370 1575 471 1612 Columna
480 1575 507 1612 ad
519 1575 608 1612 Ennium
618 1588 638 1625 p.
649 1577 694 1615 250.
708 1578 764 1615 Hess.

53 1633 74 1664 et
88 1626 149 1665 Wak.
166 1627 193 1664 ad
206 1626 227 1667 h,
239 1626 266 1672 l.‚
281 1627 316 1677 qni
333 1626 404 1663 laudat
416 1628 527 1664 Burmann.
538 1626 565 1664 ad
573 1628 656 1668 Petron.
668 1641 687 1668 c.
698 1629 731 1667 59.
744 1633 765 1665 et

52 1677 157 1716 Barth.'ad
169 1682 219 1729 Stat.
228 1678 292 1715 Theb.
303 1679 337 1726 IV,
349 1675 393 1719 464.

104 1731 149 1769 839.
161 1728 204 1769 840.
230 1730 314 1767 Retinui
328 1743 377 1768 cum
393 1729 469 1769 Eichst.
482 1729 578 1782 vulgares
593 1731 688 1769 omnium
699 1729 764 1778 libro-

52 1793 101 1818 rum
112 1781 213 1819 lectiones
224 1785 309 1835 aurique
321 1802 347 1810 -
360 1797 441 1831 aurum,
462 1794 512 1832 quas
529 1781 599 1828 Walz„
618 1783 688 1833 paullo
703 1782 764 1833 cupi·
811 1822 813 1832 Ι

53 1832 99 1870 dius
115 1833 192 1871 summi
205 1833 291 1870 Bentleii
306 1833 437 1871 coniecturas
450 1833 565 1883 amplexus,
583 1835 605 1872 in
619 1849 723 1887 auraeque,
738 1854 764 1862 -

53 1899 125 1924 auram
143 1884 243 1930 mutavit,
258 1885 306 1934 quia
316 1885 423 1922 Lucretius
434 1891 524 1935 quatuor
534 1885 638 1924 elementa
649 1891 763 1931 enumeret,

53 1946 93 1972 nec
110 1936 219 1988 quisquam
235 1936 315 1983 videat,
330 1932 381 1986 dnid
392 1935 427 1973 hic
440 1952 512 1975 aurum
524 1937 563 1974 sibi
581 1937 638 1974 velit.
665 1935 706 1974 sed
720 1936 764 1974 iam

52 1985 118 2025 locus.
128 1987 164 2025 ille
182 1987 283 2039 Simplicii
298 1987 324 2025 de
339 1991 461 2039 Anaxagora
475 1987 506 2037 [in
515 1987 572 2038 phys.
584 1988 667 2026 Aristot.
677 2001 697 2038 p.
710 1987 764 2037 33.]‚

53 2049 118 2086 quem
127 2039 191 2079 Bentl.
201 2038 284 2078 laudat:
297 2037 366 2079 adata
376 2037 402 2078 td
416 2034 540 2091 ὁμοιομερῆ,
555 2038 600 2080 οἷον
610 2037 633 2080 τὸ
644 2036 703 2089 ὕδωρ
710 2061 721 2087 ,ν
729 2040 764 2080 καὶ

53 2089 107 2136 πῦρ,
121 2087 253 2140 Moundou.
263 2107 281 2132 τ.
292 2095 320 2138 λ.,
334 2091 422 2129 collatus
437 2094 484 2128 c'um
498 2091 567 2129 verbis
582 2093 641 2144 Diog.
656 2093 725 2130 La'e'rt.
737 2094 763 2136 ll,
819 2098 832 2111 ⁸

53 2140 73 2179 3.
86 2140 102 2188 ἓ.
113 2137 132 2179 4.
146 2140 244 2191 καθάπερ
255 2142 294 2194 γάρ’
307 2142 328 2183 ἐν
337 2144 380 2183 τῶν
390 2140 507 2193 ψνγμάτων
517 2143 632 2194 λεγομένων
642 2142 681 2183 τὸν
687 2142 764 2196 χρυσόν

52 2190 188 2240 συνεστάναι,
212 2194 279 2243 οὕτως
295 2193 316 2235 ἐκ
333 2196 375 2234 miv
389 2191 519 2246 ὁμοιομερῶν
533 2198 612 2245 μικρῶν
627 2193 764 2245 condemned

54 2243 97 2282 πᾶν
112 2246 270 2296 συγκεκρίσθω,
296 2260 309 2284 a
323 2247 424 2285 Lambino
438 2246 481 2284 iam
494 2248 612 2297 productis,
636 2254 657 2285 et
670 2247 764 2292 Arnobii,

13 2303 19 2307 ·
53 2292 143 2332 studiose
159 2297 281 2343 Lucretium
296 2298 407 2347 imitantis,
426 2298 593 2350 1·000n.p.77.:
607 2299 661 2345 Quid
676 2300 732 2337 enim
747 2299 764 2337 si

54 2344 110 2403 dicas
127 2357 169 2404 esse
181 2363 264 2390 auream
274 2357 364 2395 terram,
378 2350 435 2401 quod
445 2351 467 2388 in
478 2351 582 2389 verriculo
591 2351 650 2389 collis
661 2352 722 2390 unius
731 2350 764 2389 in-

54 2403 96 2434 sint
107 2409 192 2447 einguoe
209 2404 307 2449 miculae,
329 2402 402 2453 quibus
413 2404 512 2440 >nascitur
525 2402 686 2454 colliquefactis.
694 2418 764 2442 aurum

55 2454 108 2495 etc,
129 2453 191 2498 quem
206 2450 267 2489 Wak.
282 2452 327 2509 ipse
342 2454 414 2503 affert,
438 2454 569 2492 coniecturas
584 2455 630 2492 illas
645 2454 763 2492 dissuadere

56 2499 181 2541 debuissent.
205 2500 270 2540 Porro
284 2503 301 2540 si
313 2505 423 2545 Lucretius
437 2505 470 2549 de,
479 2511 569 2558 quatuor
582 2505 690 2545 elementis
699 2505 763 2543 modo
