1690 2654
283 107 393 152 mauu
416 107 454 151 Vl.
682 100 730 180 115

63 222 148 264 lllrorso
160 219 217 261 moto
228 214 318 260 radentes
330 230 414 271 corpora
430 216 520 258 tractim:

63 276 135 316 Aridus
148 272 277 312 unde-aureis
290 275 354 322 terget
366 284 425 311 sonus
436 270 478 319 ille,
492 271 565 320 diuque
675 315 677 318 v

63 326 154 374 Ducitur,
167 325 255 364 exierunt
268 324 329 362 donec·
341 322 455 374 regionibus
468 321 535 370 arctis.
688 319 729 360 120

89 379 135 418 Hoc
147 376 207 415 etiam
219 379 277 425 pacto
288 374 363 413 tonitru
376 385 469 412 concussa
480 372 572 411 videntur
645 380 647 383 ’

63 429 136 470 Omnia
147 439 205 475 saepe
218 425 281 476 gravi
289 426 380 474 tremere,
394 428 413 463 et
426 423 502 463 divolsa
514 426 595 473 repente

62 483 158 522 Maxuma
170 477 278 516 dissiluisse
290 476 369 527 capacis
381 475 460 522 moenia
471 474 551 522 muudi3

63 524 129 581 Quom
142 529 281 569 subito'valiui
292 528 347 567 venti
359 529 441 566 collecta
452 527 540 577 procella

27 596 34 609 ³
61 581 152 624 Nubibus
164 580 302 629 intorsissem,
313 580 445 630 conclusaque
457 578 538 629 ibidem,
615 622 617 624 q
687 573 727 618 115

61 633 253 674 Turbinevorsan'te
261 632 331 684 'magis
346 645 369 671 ae
381 631 447 684 magis
458 630 545 681 undique
557 627 637 678 nubem,

62 684 129 737 Cogit,
143 684 174 723 uti
185 684 221 733 fiat
233 684 297 734 spisso
307 696 357 723 cava
369 697 451 734 corpore
464 683 545 721 circum.

60 738 116 783 Post,
125 736 280 785 ubieommovit
291 735 322 775 vis
335 736 377 774 eius
391 740 412 774 et
423 736 509 785 impetus
524 747 577 782 aeer,
675 781 677 784 p

61 789 116 829 Tum
128 787 271 839 perterricrepo
283 787 347 826 souitu
355 788 393 827 dat
405 788 465 827 missa
479 788 588 837 fragorem.
607 824 609 827 .

62 840 105 881 Neo
116 839 203 887 mirum;
216 852 276 891 quom
288 840 345 890 pleno
357 839 436 878 animae
447 839 535 878 vesicula
547 848 610 889 parva
686 835 728 878 13⁰

63 893 127 942 Saepe
138 892 167 930 ita
179 891 214 931 dot
225 892 300 941 pariter
311 891 403 938 sonitum,
416 892 504 942 displosa
515 894 602 939 repente.

69 958 71 960 ¹
87 945 125 983 Est
136 943 197 982 etiam
209 943 267 991 ratio,
281 945 340 992 quom
353 943 418 986 ventei
432 943 500 982 nubila
512 942 605 992 perdant,

62 996 92 1036 Ut
104 995 178 1034 sonitus
190 994 277 1033 fatiant:
289 994 362 1032 etenim
374 1007 454 1034 ramosa
467 994 557 1033 videmus

61 1046 136 1093 Nubila
147 1058 206 1096 saepe
217 1046 281 1085 modis
293 1045 362 1084 multis
374 1050 432 1097 atque
444 1058 514 1096 aspera
526 1045 582 1085 ferri.

61 1098 142 1138 Scilicet
152 1100 182 1144 ub
194 1099 284 1136 crebram
296 1098 374 1147 sylvam
386 1111 445 1148 quom
457 1098 539 1137 flamina
553 1094 614 1136 cauri
685 1093 726 1136 135

60 1151 154 1197 Perfluunt,
167 1150 215 1187 daut
225 1149 311 1189 sonitum
323 1149 409 1197 frondes,
421 1150 523 1200 rameique
535 1150 644 1201 fragorem.

85 1200 120 1241 Fit
127 1211 215 1250 quoque,
229 1204 253 1239 ut
263 1200 362 1240 interdum
374 1202 436 1242 validi
448 1202 478 1242 vis
490 1202 551 1242 incita
561 1198 617 1242 venti

59 1252 176 1294 Perseiiidat
188 1252 267 1300 nubem,
280 1252 403 1304 perfringens
415 1254 489 1304 impete
497 1257 559 1294 recto.

60 1306 119 1353 Nam,
133 1303 181 1354 quid
192 1305 255 1354 possit
266 1304 295 1344 ibi
306 1305 372 1353 flatus,
384 1306 489 1345 manifesta
501 1307 558 1346 docet
569 1316 601 1346 res
694 1352 698 1355 .

60 1359 109 1405 Hie,
123 1355 159 1395 ubi
171 1356 233 1395 lenior
246 1360 280 1404 est,
293 1356 384 1404 interra,
398 1371 458 1408 quom
470 1362 536 1397 tamen
548 1358 591 1398 alta
683 1354 724 1396 llo

60 1409 148 1450 Arbusta
161 1408 252 1453 evolvens
263 1408 363 1457 radicibus
374 1411 442 1449 haurit
455 1411 480 1449 ab
493 1410 545 1449 imis.
738 1417 741 1424 ’

86 1461 136 1499 Sunt
148 1459 208 1498 etiam
219 1460 291 1499 fluctus
303 1473 338 1511 per
350 1463 425 1510 nubila,
437 1463 483 1512 quei
495 1462 551 1512 quasi
562 1472 652 1501 murmur

59 1513 114 1552 Dant
125 1511 146 1550 in
158 1513 270 1563 frangundo
283 1512 381 1563 graviter:
395 1515 447 1564 quod
456 1515 543 1553 itemlfit
554 1513 575 1566 in
587 1513 634 1553 altis

31 1607 32 1610 Ἴ
60 1563 186 1604 Fluminibus
197 1577 311 1615 magnoque
321 1566 380 1613 mari,
393 1579 452 1615 quom
463 1566 563 1617 frangitur
575 1569 637 1605 aestu.

58 1642 63 1659 s
85 1615 120 1655 Fit
132 1627 216 1666 quoque,
227 1616 262 1654 ubi
275 1629 286 1654 e
298 1617 351 1656 nube
362 1617 383 1656 in
393 1619 466 1657 nubem
478 1618 508 1658 vis
520 1617 588 1657 ineidit
600 1614 722 1658 ardorello

59 1666 168 1707 Fulminis:
180 1668 237 1716 haee,
249 1669 312 1707 multo
325 1669 343 1708 si
354 1670 405 1708 forte
416 1671 504 1709 humore
513 1670 587 1721 recepit

59 1721 136 1771 Ignem,
149 1719 241 1759 eontinuo
253 1733 327 1773 magno
339 1722 427 1767 elamore
438 1722 535 1762 trucidat:

59 1773 88 1811 Ut
99 1771 169 1811 calidis
181 1773 265 1818 caudens
276 1774 352 1813 ferrum
367 1787 379 1813 e
390 1775 504 1814 fornacibus
517 1774 566 1814 olim
613 1812 615 1814 ,
663 1815 665 1819 ,

59 1823 137 1871 Stridit,
149 1823 185 1862 'ubi
196 1823 218 1862 in
229 1824 319 1876 gelidum
331 1829 417 1876 propter
424 1826 552 1868 demersimus
563 1825 655 1867 imbrem.

84 1874 165 1916 Aridior
176 1888 236 1926 porro
249 1876 267 1915 si
277 1878 339 1917 nubes
350 1878 422 1929 accipit
434 1879 508 1931 ignem,
548 1917 551 1921 ,
642 1901 643 1904 =
680 1874 722 1919 150

58 1928 128 1968 Uritur
139 1927 215 1979 ingenti
226 1927 297 1978 sonitu,
310 1943 404 1970 succensa
415 1934 504 1981 repente:

32 2009 35 2016 f
59 1979 188 2022 lauricomos
199 1984 222 2020 ut
234 1981 299 2032 siper
311 1982 394 2022 mouteis
405 1983 488 2023 flamma
499 1984 589 2034 vagetur,

44 2032 148 2082 ‘Tmbine
159 2037 264 2073 ventorum
275 2032 391 2074 oo'mbureus
402 2035 475 2086 impete
488 2048 570 2086 magno.
645 2045 647 2047 ’

58 2083 100 2124 Nec
111 2097 144 2124 res
155 2086 198 2132 ulla
209 2086 285 2138 magis‚=
294 2099 354 2137 quam
365 2087 442 2127 Phoebi
454 2088 552 2138 Delphica
564 2088 631 2128 laurus

58 2136 154 2177 Terribili
165 2137 237 2187 sonitu,
249 2139 331 2179 flamma
343 2139 456 2190 crepitante,
468 2144 574 2182 crematur.
590 2154 611 2188 J
679 2139 720 2182 155
771 2188 773 2190 ,
839 2125 840 2200 i

82 2188 179 2239 Denique,
190 2203 250 2242 saepe
262 2189 308 2242 geli
315 2192 389 2231 multus
400 2193 471 2244 fragor
481 2196 540 2242 atque
551 2190 611 2232 ruina

59 2239 164 2281 Grandinis
176 2242 198 2281 in
209 2244 288 2294 magnis
300 2244 385 2283 sonitum
393 2244 432 2283 v¹dat
443 2244 529 2283 nubibus
541 2245 588 2284 alte.

56 2293 129 2332 Ventos
142 2294 194 2333 enim
207 2303 267 2346 quom
279 2295 381 2345 conteruit,
392 2296 517 2348 franguntur,
529 2296 551 2335 in
563 2298 641 2337 aretum

16 2371 17 2374 =
57 2344 166 2392 Concreto,
177 2351 252 2386 montes
264 2349 383 2397 nimborum,
396 2352 416 2387 et
427 2349 523 2401 grandine
534 2347 622 2390 mintei..
693 2396 695 2398 v

83 2396 154 2446 Fulgit
164 2397 219 2446 item,
231 2401 293 2439 nubes
304 2400 357 2453 ignis
368 2407 427 2451 quom
439 2402 515 2441 semina
526 2402 591 2441 multa
677 2399 717 2440 16⁰

57 2447 165 2486 Excussere
177 2452 213 2488 suo
226 2464 325 2501 concursu,
339 2465 375 2492 eeu
385 2454 471 2503 lapidem
483 2453 501 2494 si

56 2498 159 2546 Pereutiat
168 2501 226 2551 lepis,
239 2507 275 2543 aut
285 2505 372 2545 ferrum:
384 2518 430 2546 uam
443 2510 486 2547 tum
498 2517 576 2559 quoque
586 2501 652 2544 lumen

37 2566 155 2597 nuenarius.
484 2578 504 2581 ·“
541 2562 561 2603 Ν
