1690 2654
162 179 164 184 .
199 145 241 186 ru
257 141 394 185 nlnnun
412 140 589 193 cunarum,
697 137 756 185 ,343

38 259 91 296 Aere
97 254 160 306 fluit]
176 252 206 291 sic
215 252 275 291 Wak.
286 263 334 289 cum
345 223 411 301 Lugd.
421 251 439 290 1.
448 235 481 298 2.,Ι
488 262 501 287 a
511 250 585 300 quibus
594 262 670 300 parum
678 248 713 288 vel
723 248 756 285 ni·
828 293 833 301 ’

37 307 68 344 bil
80 306 198 356 discrepant
207 306 270 342 Poor.
281 303 332 341 Brit.
338 304 358 342 3.
370 304 427 340 Cant.
437 302 497 350 Brix,
509 307 542 340 Ao
551 304 626 353 refluit,
636 303 684 338 Ver.
695 302 755 347 Ven,

36 363 71 398 At
82 360 162 410 refluit,
178 362 199 393 et
216 355 287 404 Vind,
303 360 353 393 Acre
361 355 416 405 fluet
431 353 567 403 praebentes;
581 353 685 392 1111112.
700 353 755 392 Bon.
774 359 778 364 “

37 412 90 447 Iunt.
104 414 157 447 Aere
168 408 234 459 ferit,
252 413 276 442 ut
291 416 412 443 communes
430 404 489 442 editt.
505 425 530 433 -
541 404 629 456 primam
641 403 704 441 lectio
723 409 755 441 est

38 460 132 498 omnium
146 458 261 503 librorum,
278 470 291 494 a
306 455 367 494 Wak.
382 455 490 502 restituta3
508 454 570 505 vulgo
584 458 678 506 prinam,
697 454 755 505 quod

38 512 107 550 Gifan.
117 510 139 546 in
150 515 220 546 vetere
231 507 279 548 Cod.
288 506 377 545 inveniri
385 505 488 557 perhibet,
498 505 570 543 dubito
580 518 609 543 an
615 519 669 544 vere.
684 506 754 557 (Gonf.
826 534 828 538 .

37 559 64 602 ad
74 562 113 606 ΙΙΙ,
125 560 182 608 390.)
383 594 389 602 e

31 618 32 621 ’
89 613 135 652 263.
161 610 284 659 unzrorsum]
298 609 363 661 Lugd.
376 610 394 648 1.
404 610 424 649 2.
432 608 490 646 Bodl.
502 608 562 648 Vind.
573 613 634 649 Poor.
645 607 694 647 Brit.
706 609 723 648 1.
733 610 754 650 3.

39 665 100 702 Cant.
115 662 167 701 Brir.
183 678 288 709 unorsum,
301 663 349 699 Ver.
362 662 413 699 Ven.
425 676 522 710 morsum,
536 661 582 698 Ald.
596 662 614 700 1.
628 662 678 697 Bon.
686 663 755 711 invor-

37 731 92 763 eum,
111 715 167 753 lunt.
177 716 296 761 introrsum,
313 712 364 750 Brit.
376 714 395 752 2.
409 714 529 761 inmersum,
547 712 592 750 Ald.
603 714 623 751 2.
640 727 754 761 uniuersum,

37 772 62 804 ut
71 765 133 816 vulgo
145 765 247 802 scribitur.
273 763 379 801 Eiusmodi
390 762 460 801 autem
472 776 572 814 syncopes
582 763 676 812 exempla
686 764 709 800 in
719 776 755 800 an·

37 817 156 868 tiquissima
170 818 312 853 Romanorum
327 814 386 866 poesi
400 815 456 851 band
470 828 525 852 rara.
552 814 586 851 sic
599 815 654 864 apud
664 815 754 853 Ennium

37 868 92 907 Med.
105 870 130 916 ll,
141 869 200 916 1,18.
215 878 327 919 optumates
342 863 481 918 τρισυλλάβως
495 865 550 913 (vid.
566 865 652 904 Planck.
669 879 691 914 p.
706 866 752 913 85.)

37 923 90 958 Ann.
101 923 115 957 l.
131 921 162 968 (p.
173 920 205 957 32.
215 918 306 967 Hessel.)
321 925 341 956 et
358 918 408 955 alibi
420 929 504 967 semper
513 920 603 967 virgines
614 914 754 969 διςσυλλάβως
782 923 784 926 ’

37 970 144 1008 invenitur
158 970 207 1018 (vid.
218 969 302 1007 Planck.
314 970 407 1019 p.117.]‚
420 969 475 1006 utin
486 968 526 1005 alio
537 968 579 1004 eius
588 968 708 1018 fragmento
723 968 754 1018 (p.

38 1022 93 1069 135.)
104 1021 196 1073 captibus
201 1033 238 1071 pro
246 1023 345 1073 capitibus
354 1020 446 1070 positum
456 1026 495 1060 etc.
509 1019 591 1069 Similis,
598 1019 635 1057 etsi
644 1032 686 1056 non
693 1032 755 1069 pror-

38 1086 72 1110 sus
83 1072 174 1109 eiusdem
184 1072 264 1122 generis
273 1079 321 1109 sunt
331 1071 439 1108 notissima
450 1071 487 1108 illa
496 1074 582 1123 pariete,
596 1074 668 1118 ariete,
684 1074 754 1111 cencio

38 1129 78 1163 etc.
84 1153 89 1173 ‚
104 1123 129 1160 de
143 1123 216 1174 quibus
225 1123 247 1159 in
257 1123 354 1160 Lucretio
366 1135 448 1173 quoque
458 1122 535 1172 passim
545 1135 557 1159 a
567 1122 627 1159 nobis
639 1121 727 1159 dictum.

76 1175 135 1214 271.
162 1178 252 1219 remoto]
268 1174 312 1210 Ald.
325 1175 342 1212 1.
352 1176 372 1213 2.
388 1177 437 1210 Bon.
455 1175 509 1210 lunt.
525 1185 613 1218 semoto;
626 1173 689 1224 vulgo
702 1190 754 1214 rem-

38 1236 104 1268 moto.
118 1231 203 1273 praeter
212 1225 356 1262 necessitatem
368 1231 389 1262 et
398 1224 457 1262 libris
468 1225 638 1276 repugnantibus.
713 1230 716 1234 ’

89 1277 135 1315 275.
161 1279 183 1314 Io
198 1292 275 1329 quoque
287 1276 351 1326 enim]
371 1276 416 1314 Ald.
432 1278 450 1315 1.
465 1279 517 1314 Bon.
532 1281 578 1328 Ipse
593 1278 678 1322 etenim,
697 1274 755 1326 quod
772 1304 774 1307 .

40 1326 111 1365 Gifan.
129 1327 233 1374 defendit,
246 1327 303 1363 Bodl.
320 1329 372 1366 Brix.
387 1332 435 1368 Ver.
446 1328 496 1366 Ven.
509 1332 557 1379 Ipso
568 1331 630 1374 enim,
643 1327 692 1364 Brit.
704 1329 722 1366 1.
732 1327 753 1366 3.

38 1382 124 1431 Ipseque
135 1382 198 1425 enim,
211 1378 261 1418 Brit.
272 1381 291 1417 2.
300 1383 387 1431 Ipsoque
397 1381 460 1426 euim,
474 1379 580 1417 mendose.

89 1431 134 1468 276.
161 1430 263 1467 Voculam
273 1441 315 1476 ert,
328 1442 381 1480 quae
390 1430 452 1480 vulgo
463 1437 510 1481 post
520 1433 574 1469 enim
582 1428 678 1480 ponitur,
691 1427 754 1478 Wak.

39 1480 135 1518 omnibus
149 1480 206 1518 libris
221 1481 355 1519 suadentibus
368 1481 449 1521 delevit.
464 1504 488 1510 -
502 1484 630 1520 concernitur
643 1481 668 1529 (i.
683 1493 700 1518 e.
711 1492 754 1518 una

39 1532 138 1578 cernitur,
151 1545 199 1570 curn
209 1533 301 1582 postibus
313 1539 333 1570 et
343 1534 391 1570 aere
403 1534 498 1582 externo]
509 1532 569 1572 Wak.
580 1531 671 1570 restituit
682 1530 752 1568 eBrit.

38 1584 58 1622 2.
73 1582 118 1621 Ald.
131 1585 149 1622 1.
167 1590 187 1621 et
201 1587 263 1632 Bon,
277 1596 290 1621 a
308 1585 381 1634 quibus
397 1597 439 1621 non
457 1584 564 1622 dissentire
579 1583 677 1621 videntur
691 1582 761 1623 Bodt„

37 1634 99 1672 Poor.
109 1635 187 1674 Brit..1.
198 1637 217 1675 3.
230 1636 290 1675 Cant.
299 1636 352 1674 Brix.
362 1637 409 1674 Ver.
420 1639 482 1685 Ven.,
500 1652 545 1689 qum
555 1635 590 1673 vel
602 1651 646 1674 cum
657 1637 753 1683 cernitur,

39 1691 60 1722 et
72 1685 137 1773 Lugq.
146 1689 178 1735 2.,
189 1699 238 1739 post
248 1699 326 1727 aest-um
339 1687 368 1735 (i.
377 1701 394 1727 e.
404 1699 472 1740 postes
483 1689 541 1736 cum)
556 1690 646 1726 cernitur
655 1685 754 1724 exhiben-
767 1728 769 1730 ¹

39 1742 82 1784 tes;
96 1750 122 1774 vu
132 1751 158 1785 go
169 1742 205 1790 qui
213 1742 311 1788 cernitur,
324 1746 347 1775 ut
356 1739 378 1776 in
387 1743 440 1777 lunt.
451 1739 496 1778 Ald.
505 1741 524 1778 2.
535 1744 567 1788 et,
581 1738 598 1777 si
608 1740 659 1778 Hav.
671 1737 753 1776 silentio
826 1740 830 1748 ²

39 1787 117 1838 ubique
130 1789 181 1826 fides
191 1790 288 1827 habenda
298 1797 360 1836 esset,
373 1790 395 1827 in
404 1790 470 1840 Lugd.
481 1792 499 1829 1.

90 1841 135 1879 278.
160 1842 276 1893 pertinget]
291 1841 321 1879 sic
335 1842 395 1880 Wak.
414 1854 462 1879 cum
477 1840 572 1891 plurimis
587 1839 645 1878 libris
651 1857 657 1887 ;
670 1839 720 1877 Brit·
731 1841 753 1880 2.

35 1893 145 1942 pertingit,
158 1891 223 1942 Lugd.
235 1894 253 1931 2,
265 1904 363 1944 perteget,
377 1893 432 1929 unde
442 1893 551 1930 arbitrium
560 1891 662 1929 editorum
672 1902 753 1943 perter-

38 1951 74 1992 get
83 1940 141 1981 fecit.
155 1942 226 1980 Falsus
235 1944 299 1993 igitur
309 1950 339 1980 est
346 1944 442 1982 Rnddim.
448 1947 495 1981 lnst.
503 1945 540 1982 Gr.
546 1945 571 1979 ΙΙ.
580 1956 601 1993 p.
608 1943 653 1982 153.
662 1949 706 1980 not.
712 1944 752 1990 30,

37 1992 189 2043 pronuncians,
203 1994 300 2045 meliores
313 1994 377 2032 libros
387 1995 466 2032 habere
478 2006 594 2047 perterget,
606 1994 695 2032 'verbum
706 2009 753 2047 per-

39 2045 118 2094 tingere
134 2051 205 2084 autem
219 2046 313 2097 exemplo
328 2059 416 2098 prorsus,
429 2053 486 2084 certo
498 2045 592 2093 destitui,
607 2045 663 2096 quod
674 2045 710 2083 alii
720 2051 753 2093 et-

37 2092 88 2142 iam,
99 2107 118 2132 v.
126 2099 144 2134 c.
157 2097 247 2137 Gronov.
258 2099 284 2135 ad
294 2099 336 2136 Liv.
341 2100 405 2145 XXV,
411 2095 443 2136 24
455 2100 471 2148 ᾗ.
479 2100 497 2137 6.
511 2100 621 2135 Burmann.
633 2097 660 2134 ad
669 2097 753 2142 Quinct.

38 2143 89 2180 Inst.
99 2148 132 2185 Or.
140 2147 167 2195 H,
174 2146 194 2188 4.
210 2151 237 2199 (p.
249 2149 302 2199 143.)
317 2150 408 2187 Oudend.
421 2149 447 2186 ad
458 2151 516 2187 Caes.
526 2151 547 2188 B.
557 2150 580 2186 C.
590 2150 625 2196 ill,
635 2150 667 2188 69.
676 2147 753 2197 ‘Schel-

38 2193 76 2233 ler.
83 2195 104 2232 in
112 2198 188 2236 Lexico
200 2207 247 2248 etc,
259 2201 353 2252 cupidius
365 2215 427 2251 quarn
438 2201 505 2238 verius
516 2199 642 2237 contendere
649 2199 752 2239 videntur.

68 2295 72 2303 1
90 2248 134 2287 281.
158 2255 266 2303 procudit]
281 2254 311 2291 sic
325 2252 385 2292 Welr.
401 2265 450 2291 cum
462 2251 523 2291 Vind.
533 2252 582 2301 Brit.
593 2253 613 2291 2.
625 2257 646 2288 et
656 2252 753 2289 omnibus

31 2295 96 2341 editt,
105 2305 165 2358 vett&
179 2302 236 2343 Bodl.
244 2308 348 2356 percudit,
361 2304 409 2342 Erit.
422 2306 439 2343 1.
448 2306 554 2355 producit,
567 2303 634 2355 Lugd.
645 2304 663 2343 1.
672 2303 722 2342 Brit.
731 2304 751 2343 3.

38 2350 140 2397 PTOW‘Jlt,
153 2352 216 2402 vulgo
225 2360 336 2406 protrudit.
363 2356 414 2393 Redi
424 2355 451 2392 ad
463 2369 482 2393 v.
492 2353 539 2396 247.

89 2396 135 2437 284.
162 2404 185 2448 in
192 2408 308 2454 speculum]
322 2436 335 2456 ‚,
342 2410 364 2447 in
377 2406 514 2457 particulam,
528 2416 592 2458 quam
605 2404 655 2442 libri
668 2416 750 2442 summo

39 2460 141 2500 consensu
153 2454 265 2507 praebent,
286 2465 373 2510 excepto
391 2458 442 2500 God.
458 2458 531 2507 Vind,
553 2459 588 2510 qui
603 2456 751 2494 dormitantem

39 2499 162 2549 collatorem
171 2511 245 2543 nactus
256 2515 297 2556 est,
312 2510 346 2559 [et
354 2513 409 2550 lunt.
421 2523 469 2550 cum
479 2511 523 2553 Ald.
533 2512 553 2552 2.
560 2507 575 2560 T
582 2507 644 2548 timui
654 2507 702 2546 loco
714 2507 751 2546 de-
