1690 2654
133 71 137 77 ’
175 76 176 79 ¹
217 61 258 101 nn
275 58 410 102 LIBRUM
426 53 593 98 Tnnrlnn.
625 97 630 103 ,
713 43 766 93 ’319

50 167 83 207 sit.
107 167 179 215 (conf.
188 169 239 208 Diss.
249 181 297 206 mea
308 167 334 205 de
344 136 459 206 iuersnot.
469 166 501 206 56.
512 178 533 215 p·
545 165 571 203 92
580 161 610 211 s.)
635 161 705 207 Quare
717 170 767 196 cum

0 225 3 233 ²
51 219 127 257 Orellio
139 220 200 271 *uncis
216 233 263 258 enm
279 220 364 265 inclusi,
377 220 427 257 licet
439 231 451 255 a
461 217 522 257 Wak.
533 215 658 262 defensnm‚.
668 225 680 250 a
690 209 767 263 priori-

0 280 2 284 ’
49 272 88 310 hus
100 283 148 309 vero
159 272 273 310 editoribus
286 284 370 322 prorsus
380 271 463 308 silentio
473 267 652 319 praetermissum.

102 336 146 375 869.
173 337 315 385 Multimodei]
338 334 387 372 Brit.
404 335 422 373 1.
445 333 574 372 Multimodis
596 351 623 358 -
644 328 764 378 accredere]
815 351 818 354 ,

48 386 105 425 idem
115 386 164 423 Brit.
176 388 194 427 1.
205 393 226 423 et
237 389 296 425 Poor.
306 390 328 424 iet
340 388 432 430 credere,
445 383 508 421 male.

101 439 146 477 871.
172 440 315 490 reprehendere
324 436 384 474 Wak.
392 435 483 473 restituit
494 446 505 470 e
514 431 610 482 plurimis
618 431 688 482 tibris3
702 431 765 483 vulgo

49 490 210 542 deprehendere,
224 496 249 526 ut
257 489 281 525 in
291 489 340 527 Brit.
353 491 370 526 1.
382 491 435 524 Innt.
448 492 468 523 et
480 484 524 521 Ald.
534 486 553 523 2-

102 540 147 578 875.
174 543 231 587 tnrn]
248 542 308 577 Poor.
325 539 377 578 Brix.
392 540 440 576 Ver.
457 538 509 575 Ven.
524 535 569 574 Ald.
582 536 599 574 1.
613 537 662 573 Bon.
676 551 727 574 enm.
739 553 766 564 -

50 592 111 644 quoi]
127 590 157 628 sic
172 604 243 629 omnes
260 590 320 638 libri,
334 603 386 641 qnos
396 589 457 628 Wak,
466 593 567 639 sequutus
580 592 620 635 est;
634 588 684 625 nav.
695 593 782 625 tamen‘

50 655 99 680 cnm
108 641 227 693 vulgaribus
239 642 297 681 editt.
305 642 376 696 'quern

101 707 146 746 8762
174 708 195 745 id
208 705 272 743 lectio
291 705 386 753 omninm
404 709 434 741 est
447 703 551 740 librorum
564 701 765 748 aWak.rest1'tuta;

49 758 113 809 vulgo
124 769 154 796 et.
166 777 192 785 -
205 758 268 806 mors]
283 756 343 794 Vind.
356 758 417 794 Poor.
427 755 475 792 Brit.
489 757 507 793 1.
518 756 537 793 2.
548 755 568 793 3.
582 753 639 793 Cant.
652 753 707 792 Brix.
718 755 766 794 Ver.

26 818 29 823 ’
49 810 100 845 Ven.
112 824 164 847 mox.
176 829 202 837 -
215 824 296 859 esseque
304 806 411 860 prohihet]
427 805 683 856 sieLugd.1.2.,-quod,
700 816 767 855 quum
783 812 791 827 ⁵

49 860 130 897 iibrarii
147 872 191 896 non
206 858 348 910 intelligerent
360 860 454 911 prohihet
470 856 549 892 duabus
565 855 648 904 syllabis
661 867 703 893 esse
713 868 767 905 pro-

49 910 188 948 nuntiandum
201 911 210 958 (
216 923 257 960 qua
267 910 292 948 de
302 923 325 947 re
335 909 391 948 coni.
401 904 539 955 3111110811.)
553 907 610 944 varie
620 912 767 956 corruperunt.

41 961 110 999 ·Vind.
123 962 179 998 enirn
191 962 239 998 Brit.
251 963 269 1000 1.
281 964 300 1001 2.
310 963 329 1000 3.
347 967 368 998 et
378 959 434 997 Brir'.
444 974 488 997 esse
499 959 594 1009 prohibe,
608 959 656 996 Ver.
669 973 712 996 esse
718 962 768 1010 pro-

50 1014 95 1051 hibe
104 1016 161 1060 inde,
169 1014 225 1051 ›Ven
239 1028 281 1051 esse
291 1014 350 1059 inde,
363 1011 409 1048 Ald.
421 1011 438 1049 1.
449 1016 470 1046 et
481 1012 531 1047 Bon.
542 1025 584 1048 esre
592 1012 689 1060 perinde,
704 1010 766 1050 Poor.

33 1100 37 1105 .
51 1079 94 1103 esre
101 1066 202 1116 proclive,
217 1064 274 1101 Cant.
286 1079 329 1102 esse
336 1064 457 1115 probatum,
470 1063 525 1099 lunt.
538 1066 559 1098 et
568 1061 614 1099 Ald.
624 1063 644 1100 2.
656 1063 684 1110 id,
697 1064 767 1112 prohi-

50 1117 127 1167 betque.
142 1114 214 1162 Lerni).
228 1114 282 1152 coni.
292 1126 315 1152 nr
326 1129 344 1165 q.
355 1129 381 1153 m.
393 1129 423 1152 ex.
433 1116 460 1151 im
473 1110 588 1163 (ἀρχαϊκῶς
599 1125 637 1163 pro
650 1114 707 1162 enm)
720 1128 766 1164 pro·

49 1167 153 1216 hibetqne,
168 1164 224 1214 quod
239 1165 317 1201 mirum
332 1171 475 1208 commentum
487 1171 557 1202 tamen
567 1176 607 1201 nec
619 1166 668 1203 Hav.
681 1163 768 1214 respuit,

50 1215 88 1252 etsi
105 1217 214 1264 Turnebus
228 1215 322 1252 Adverss.
333 1217 400 1261 XXX,
413 1218 443 1255 10.
457 1228 528 1253 verani
538 1216 643 1255 rationem
654 1217 697 1254 iam
708 1221 767 1254 reete

49 1273 193 1316 perspexerat,
209 1269 271 1317 quani
280 1265 340 1305 Wak.
353 1268 439 1304 tendent
448 1267 545 1306 restituit.

102 1330 147 1370 878.
174 1330 234 1370 Wak.
246 1331 338 1381 primum
348 1333 369 1370 in
381 1331 461 1379 omisit,
476 1330 533 1379 qnod
545 1332 596 1370 Hav.
609 1336 630 1369 et
640 1330 695 1382 vuig.
707 1329 765 1368 editt.

51 1388 98 1419 ante
113 1384 185 1434 qnihns
198 1382 292 1420 inserunt
307 1389 381 1420 contra
395 1395 466 1420 omnes
476 1382 541 1421 libros
555 1383 654 1432 (excepto
663 1382 735 1427 Vind.‚
749 1382 766 1419 si

51 1433 149 1471 collatori
162 1433 213 1470 fides
228 1434 344 1480 habende);
359 1434 433 1471 deinde
448 1436 519 1486 quihus
533 1450 544 1472 e
558 1435 594 1483 (nt
603 1447 693 1484 suprav.
705 1434 765 1482 851.)

49 1484 141 1522 restituit
157 1497 168 1522 e
182 1486 247 1537 Lugd.
260 1488 278 1525 1.
289 1487 308 1524 2.
324 1487 380 1536 Cant.
393 1498 431 1534 pro
444 1485 525 1537 vulgari
540 1488 612 1537 qnihns
627 1497 648 1524 er
663 1485 765 1535 [fortasse

50 1549 89 1586 pro
104 1537 179 1588 qnihns'
189 1553 214 1575 ex
228 1538 250 1574 in
269 1537 331 1576 Godd.
346 1536 456 1587 script0.];
471 1550 482 1573 a
496 1537 556 1574 Vind.
570 1538 618 1575 Ver.
627 1538 678 1576 Ven.
689 1536 766 1575 vocula

49 1600 134 1638 prorsus
143 1588 209 1637 vabest,
222 1596 285 1640 atque
294 1589 316 1626 in
325 1591 379 1630 Iunt.
390 1595 411 1626 et
419 1587 464 1625 Ald.
475 1590 495 1628 2.
504 1589 534 1626 sic
544 1588 634 1639 legitur:
648 1589 719 1641 quihus
730 1603 765 1627 ee-

49 1656 82 1693 gn
91 1654 144 1679 7111710
154 1655 228 1679 sumus.
668 1655 670 1657 ’
738 1684 740 1688 y

83 1709 89 1715 .
102 1692 146 1730 881.
173 1707 200 1730 en
210 1693 251 1731 nilo
263 1691 339 1729 edidie
350 1691 409 1730 libris
421 1690 504 1741 optimis
512 1689 579 1741 Lugd.
592 1692 610 1731 1.
621 1691 652 1738 8.;
665 1689 765 1742 idemque

49 1742 88 1780 sibi
105 1742 149 1778 vult
162 1743 211 1780 Brit.
230 1746 249 1782 1.
263 1746 283 1782 2.
300 1745 320 1783 3.
338 1743 397 1781 cant.
411 1743 464 1781 Brix.
478 1748 526 1781 Ver.
537 1745 587 1780 Ven.
603 1758 616 1782 α
627 1745 694 1790 nullo,
708 1742 766 1794 quod

49 1794 110 1832 Wak.
127 1793 212 1842 recepit.
240 1794 307 1831 Ceteri
322 1794 372 1831 libri
387 1810 413 1833 an
428 1796 495 1842 nelle,
510 1794 566 1845 quod
578 1807 627 1832 cum
637 1795 693 1846 vulg.
705 1794 764 1832 editt.
806 1807 821 1815 ⁹

50 1844 137 1887 Orellius
148 1844 237 1881 exhibet.
264 1844 323 1893 Apud
331 1845 420 1892 eichst,
433 1845 522 1882 fortasse
533 1857 571 1895 per
582 1845 656 1883 vitium
665 1852 764 1896 typogra-

48 1895 146 1947 phicurn,
160 1894 238 1946 legitur
251 1896 350 1947 Differre,
363 1897 425 1934 nnilo.

99 1948 145 1986 882.
172 1962 230 2000 quom
241 1947 300 1986 Wak.
312 1946 402 1984 restitnit
412 1959 423 1984 e
433 1946 528 1997 plurimis
537 1945 603 1985 tibris.
615 1944 676 1986 Vind.
688 1945 764 1987 trite.

49 2002 92 2044 cni,
105 2000 130 2035 ut'
139 1999 190 2040 Har.
201 2012 250 2050 cnm
259 2000 314 2051 vulg.
325 1998 383 2037 editt,
394 1998 483 2038 exhibet.
497 2018 499 2021 .

101 2063 145 2101 883.
177 2063 316 2114 indignarier]
332 2061 361 2100 sie
372 2075 444 2100 ornnes
452 2055 512 2110 libri,
527 2075 578 2114 qnos
586 2068 703 2114 sequuntur
711 2063 763 2100 Hav.
788 2110 791 2117 (

49 2120 71 2151 et
89 2113 177 2165 seriores
200 2114 295 2152 editores.
322 2118 389 2152 Antea
410 2114 474 2163 vulgo
495 2115 605 2163 legebatur
621 2116 765 2154 misereriere

48 2165 120 2203 Lami).
133 2166 261 2210 coniectura.
288 2166 359 2213 (Geni.
372 2167 412 2213 Hl,
422 2167 466 2205 897.
477 2172 498 2203 et
508 2167 565 2205 1058.
573 2169 584 2214 )’

101 2214 145 2255 881.
168 2215 284 2269 pinrere'at}
310 2218 363 2267 Quia
375 2217 481 2265 lubricum
497 2224 528 2254 est
543 2218 568 2254 de
583 2218 624 2255 hoe
642 2216 690 2254 loco
709 2215 764 2253 iudi-

51 2268 118 2313 cium,
131 2265 181 2305 eum
191 2270 256 2321 Lugd.
269 2273 286 2309 1.
298 2272 317 2309 2.
334 2268 389 2307 Bodl.
404 2268 434 2317 (si
444 2270 494 2309 Har.
507 2269 613 2306 silentium
624 2281 667 2305 non
679 2267 775 2316 fallit,)'

49 2320 95 2359 Ald.
108 2322 126 2359 1.
136 2322 155 2359 2.
173 2322 223 2359 Bon.
239 2329 260 2359 et
274 2324 328 2360 Innt.
342 2320 418 2358 retinui
432 2321 542 2373 vulgarem
555 2321 674 2358 lectionem.
701 2321 729 2356 W
730 2318 763 2356 ak.

49 2373 124 2422 (qnem
139 2378 255 2421 sequuntur
269 2373 344 2411 Eiehst.
356 2378 376 2410 et
385 2372 461 2420 Oreil.)
476 2385 486 2410 e
499 2374 562 2411 Peos.
574 2376 637 2420 (narn
648 2374 697 2408 Bon.
708 2371 763 2407 falso

50 2423 119 2473 addit)
130 2434 226 2475 putescat
240 2423 317 2475 edidit,
331 2424 380 2475 quia
399 2424 464 2462 ceteri
478 2425 528 2462 libri
545 2437 616 2462 omnes
629 2434 692 2477 priter
708 2420 763 2459 exhi-
