1690 2654
79 82 126 130 548
300 56 592 128 annornrronus*

80 196 157 243 u‚17.‚
172 207 224 246 quos
237 207 285 234 cum
297 194 369 245 multis
378 194 548 246 inscriptionibus
560 195 583 234 in
595 196 678 234 Gruteri
690 196 749 238 Thes.
760 196 794 234 af-

79 248 121 285 fert
132 246 227 286 Sclrneid.
240 248 254 286 l.
265 261 284 285 c.
296 260 316 298 p.
328 247 367 287 olo
378 249 414 297 ss.)
466 286 472 296 ,

14 303 20 317 ⁵
131 300 188 338 1135.
215 300 280 352 qnod]
295 300 324 336 sic
335 300 394 337 Wak.
405 311 452 337 cum
464 299 518 337 Brit.
530 302 577 337 Ver.
587 300 635 337 Ven.
646 300 690 337 Ald.
704 297 795 348 l.,l1aud

80 351 143 388 dubie
157 351 284 397 rectissime3
301 364 344 388 non
361 351 423 388 aliter
442 353 498 388 euim
514 352 621 388 Lucretius
633 353 655 398 V,
669 353 727 390 1032.
744 364 795 388 con-

79 404 236 442 struit‹.verbum
247 405 315 450 abuti,
334 403 370 439 ubi
382 403 429 440 vide
439 416 491 453 quae
509 402 661 441 annotavimus.
688 402 795 442 Walnhic

79 454 151 492 laudat
163 459 257 494 iltutzen.
269 454 296 491 ad
306 454 366 491 Plinii
376 456 425 494 Pan.
434 454 454 493 4.
468 457 485 505 ᾗ.
498 457 516 492 l.

131 508 189 546 1137.
217 506 382 545 Celeberrimam
391 507 445 544 hanc
455 507 516 556 pestis
525 506 586 555 illius,
600 505 685 544 ineunte
694 507 796 557 Pelopon-

79 559 163 597 nesiaco
181 558 237 597 bello
249 559 333 596 Athenis
350 566 461 610 grassatae,
478 559 626 604 narrationem,
641 558 662 595 in
674 572 714 609 qua
724 565 795 596 noster

79 617 179 661 sequutus
198 618 229 648 est
239 610 383 660 Thucydidem
391 614 409 647 ll
415 609 531 658 ,47-54.
550 611 603 658 (vid.
615 610 678 647 etiarn
690 610 794 650 Plutarch.

79 662 102 700 in
114 662 193 700 Pericle
210 676 228 700 c.
242 663 274 702 34.
290 670 311 698 et
326 663 382 699 conf.
398 661 474 699 similes
495 662 557 709 pestis
574 662 723 712 descriptiones
739 661 795 712 apud

79 714 136 765 Virg.
148 716 198 751 Ceo.
210 717 247 763 lll,
262 713 301 752 470
310 714 389 753 —5662
409 713 466 750 Ovid.
479 714 532 750 lllet.
545 715 590 761 Vll,
604 714 642 752 523
653 734 676 741 -
687 715 731 753 613.
750 717 795 752 Lu-

80 778 125 804 cao.
142 769 167 804 vt
173 795 178 813 ,
193 768 219 805 80
226 787 252 794 —
262 765 306 804 105.
331 765 406 802 Silium
420 765 468 803 Ital.
480 766 536 811 ΧΠ,
551 766 591 804 580
600 787 624 793 -
638 766 696 812 617.)
710 773 795 815 praeter

79 818 200 856 Meisterum
214 818 227 854 l.
243 831 260 855 c.
276 817 341 854 etiam
357 817 445 854 Orellius
460 817 483 853 iu
499 817 580 868 Eclogis
595 817 636 854 suis
653 830 672 864 p.
690 819 714 856 81
728 823 795 856 sset

79 869 168 908 arnitiss.
186 869 280 906 Nobbius
302 869 323 905 in
340 871 507 920 Syntagmatep.
523 870 586 908 92ss.
602 868 717 908 ediderunt.
752 871 795 907 Vss.

79 923 131 961 1137
142 944 165 950 —
178 922 233 960 1139.
245 920 364 958 ltlabrobius
374 922 435 959 affert
446 923 477 968 Π,
489 922 508 959 2.
521 922 549 969 (p.
563 919 606 960 164.
617 915 668 969 ssip.)'
678 933 727 958 oum
738 922 794 971 t‘irg.

80 976 130 1012 Geo.
144 974 186 1019 III,
199 971 238 1011 473
248 985 273 1010 ss.
287 980 430 1022 comparatos,
444 972 471 1009 ad
487 984 549 1022 quein
562 972 634 1009 locum
649 973 795 1022 Serviusquo-

80 1038 121 1076 que
136 1025 257 1062 Lucretium
274 1025 370 1073 respexit.
385 1047 410 1054 -
424 1027 517 1073 rnortzjbr
529 1023 611 1071 aestus]
632 1024 662 1060 sic
678 1026 737 1062 Poor.
749 1023 794 1060 Ald.

80 1082 98 1117 1.
108 1079 128 1116 2.
145 1079 193 1113 Bon.
209 1080 264 1114 lunt.
281 1082 301 1111 et
317 1076 420 1120 Macrob.,
441 1088 492 1126 quos
501 1075 555 1124 ⁴crim
570 1075 665 1113 omnibus
680 1075 794 1113 editoribus

78 1134 163 1180 praeter
174 1130 224 1164 Hav.
236 1134 259 1165 et
270 1127 330 1165 Wak.
341 1136 439 1179 sequutus
450 1139 502 1166 sum.
529 1127 565 1164 Ille
582 1127 639 1164 enim
648 1128 713 1165 Vossii
723 1127 795 1165 conie-

81 1186 162 1218 cturam
175 1179 255 1228 recepit
262 1180 403 1230 mortiferot'r,
411 1183 489 1229 (quain,
503 1191 527 1215 ex
538 1181 571 1217 v.l
577 1180 620 1217 119.
631 1179 725 1228 petitam,
731 1179 794 1218 Wak.

79 1231 129 1272 Brit.
141 1233 159 1270 1.
171 1230 331 1278 comprobatam
346 1231 449 1279 invenit,l
463 1230 507 1277 hie,
521 1243 539 1269 V.
551 1233 607 1269 1127.
619 1243 713 1279 memor,
735 1242 793 1268 esuo

78 1283 163 1333 ingenio
180 1282 245 1319 edidit
258 1283 376 1332 mortiferae
389 1286 431 1327 zris5
450 1287 562 1332 utrumque
579 1283 623 1319 sine
639 1295 707 1321 causa.
735 1280 794 1319 Libri

78 1337 108 1374 sic
117 1334 209 1372 variant:
224 1340 266 1371 tres
276 1334 339 1372 codd.
350 1335 422 1373 bamb.
433 1335 526 1385 mortifer
536 1350 567 1381 ue,
579 1334 656 1384 fragm.
668 1335 727 1374 Vind.
740 1334 792 1373 Brix-

49 1416 52 1420 »
78 1390 124 1426 ter.
135 1389 184 1425 Veu.
196 1387 319 1438 mortiferae,
338 1386 397 1423 Vind.
409 1386 523 1436 promisere,
536 1386 601 1436 Lugd.
613 1391 630 1424 l.
642 1388 660 1424 2.
673 1387 730 1424 Cant.
740 1402 793 1425 rnor-

79 1438 161 1490 tisern'i,
175 1438 223 1474 Brit·
235 1439 254 1476 3.
271 1439 433 1490 mortiferorum,
452 1436 510 1474 cuius
525 1438 631 1474 varietatis
643 1438 701 1490 origo
712 1437 793 1476 facilli-

78 1503 113 1529 me
129 1490 267 1540 intelligitur,
286 1488 313 1534 si,
330 1490 427 1527 Lambini
441 1488 504 1528 Codd.
518 1490 667 1537 respicientes,
685 1491 792 1537 sumimus,

78 1555 162 1581 uersum
172 1541 194 1578 in
206 1541 280 1578 Codice
290 1541 361 1591 aliquo
374 1542 404 1579 ita
413 1541 503 1578 ,divisum
513 1540 583 1589 fuisse,
597 1546 620 1576 ut
631 1541 705 1579 ultima
713 1542 793 1591 syllaba

78 1605 133 1642 stus,
147 1606 211 1644 quarn
223 1592 310 1629 latitudo
323 1593 407 1630 chartae
420 1605 462 1630 non
474 1598 570 1641 caperet,
588 1591 622 1629 vel
633 1605 705 1642 supra,
719 1593 752 1631 vel
760 1593 793 1631 in-
835 1626 836 1631 ,

78 1647 112 1683 fra
121 1646 259 1690 sci-iberorum
272 1644 302 1681 sic
314 1646 369 1682 enim
380 1644 482 1682 facillime
492 1644 546 1680 elabi
556 1643 653 1693 potuisse,
663 1645 749 1696 quisque
761 1644 792 1682 vi·

79 1698 120 1735 det.
148 1699 259 1733 Praeterea
271 1703 368 1745 receptae
381 1696 466 1734 lectioni
482 1695 552 1731 favent
566 1695 609 1732 loci
625 1697 721 1745 paralleli
737 1697 791 1747 Virg.

80 1750 133 1786 Geo.
144 1751 176 1796 ut,
186 1747 230 1786 479.
242 1755 262 1785 et
273 1747 343 1787 Claud.
356 1748 381 1786 tle
391 1754 445 1799 rapt.
455 1748 556 1797 Pros.-1u,
566 1747 619 1795 237,
634 1761 724 1798 quorum
735 1749 792 1787 hunc

79 1800 166 1838 Orellius
177 1800 245 1839 affert.
325 1845 327 1847 Ι

131 1853 187 1891 1133.
213 1851 292 1889 Finibu⁷
300 1851 412 1903 Cecropiis]
427 1850 457 1888 sic
463 1850 572 1902 cumvulg.
580 1850 636 1891 editt.
642 1851 717 1889 Eichst.
724 1851 792 1890 Nobb.

79 1903 142 1942 Orell.
154 1903 258 1939 edendum
271 1902 324 1947 duni,
336 1903 386 1940 licet
395 1904 448 1940 liaeo
458 1902 521 1939 lectio
533 1902 626 1940 Lambini
638 1904 701 1941 modo
714 1904 739 1940 de
750 1904 792 1940 suis

79 1955 143 1993 troad.
158 1953 278 1992 testimonio
297 1954 387 2003 nitatur,
406 1953 459 2003 (nisi
469 1953 525 1991 forte
540 1954 626 1992 accedat
637 1956 709 2003 Peon,
729 1968 792 2007 quern

73 2007 139 2045 Wak.
155 2011 230 2052 tacet).
257 2008 309 2044 Nam
326 2007 390 2057 Lugd.
406 2008 457 2046 1.’2.
473 2006 548 2056 fragm.
563 2006 623 2043 Vind.
638 2007 686 2048 Erit.
705 2012 722 2046 1.
742 2011 791 2047 Bon.

78 2060 133 2096 Iunt.
144 2058 187 2095 ald.
197 2060 215 2096 2.
223 2060 302 2107 finibus
313 2061 335 2095 in
345 2061 436 2109 Cecropis
446 2057 550 2103 exhibent,
563 2057 683 2096 Vindllant.
693 2061 744 2097 lirin.
754 2059 791 2108 (l)

65 2134 67 2139 ·
78 2112 127 2148 Ver.
134 2111 183 2147 Ven.
190 2110 234 2147 ald.
241 2112 258 2149 1.
269 2111 329 2159 (quos
336 2111 421 2150 Gerard.
428 2109 481 2146 falso
492 2109 561 2157 affert)
571 2111 648 2158 finibus
656 2114 678 2148 in
685 2115 790 2164 Cecropiis,

46 2197 50 2201 ,
79 2161 136 2213 quod
150 2161 212 2200 Walr.
226 2161 314 2210 recepit.
341 2163 452 2213 Nunquam
468 2173 518 2198 vero
538 2161 635 2199 meliores
649 2163 792 2205 Romanorum

77 2213 248 2264 po'etaeprimam
256 2213 357 2262 syllabam
366 2214 455 2251 nominis
464 2213 558 2261 Cecropis
566 2212 674 2263 corripuer
682 2221 717 2260 nit,
725 2214 791 2261 (conf,

78 2265 197 2302 Schneider.
210 2266 247 2306 Gr.
257 2267 301 2302 Lat.
312 2268 326 2302 I.
337 2278 357 2315 p·
369 2268 436 2313 601),
454 2264 535 2301 librarii
545 2271 626 2312 autem,
641 2266 681 2302 hoc
694 2261 791 2303 nescien-

77 2323 115 2360 tes,
129 2316 165 2353 scd
175 2316 196 2352 in
205 2317 301 2366 neglecta
310 2316 411 2366 positione
426 2316 561 2362 offendentes,
572 2317 750 2365 praepositionem
758 2318 791 2355 in-

77 2368 164 2407 seruisse
177 2367 255 2418 potius,
270 2380 332 2417 quam
341 2368 447 2407 iuventam
458 2367 543 2405 eiecisse
551 2367 638 2417 putandi
647 2375 700 2406 sunt.

71 2446 74 2454 .
130 2422 186 2460 1139.
213 2421 318 2468 exhausit]
333 2423 389 2458 Cant.
401 2423 482 2460 exoticis
486 2434 494 2465 ,¹
508 2419 637 2470 quareufak.
648 2422 791 2461 coniecturam

77 2473 166 2523 protulit
174 2485 259 2524 prorsus
269 2472 396 2522 superfluam
404 2476 509 2512 exlioustis
518 2474 596 2511 civilius
606 2474 661 2514 urbe.
