1690 2654
300 90 404 149 ureae
424 90 441 131 1.
483 56 485 58 ⁵

66 200 168 241 Cernimus
176 203 221 241 ante
229 201 305 247 oeulos:
318 213 379 251 quae,
393 200 411 241 si
419 212 458 239 nou
467 201 517 240 esset
525 197 590 249 inane,

63 253 107 292 Non
114 259 156 293 tem
165 254 249 292 sollicito
258 257 314 293 motu
322 253 400 302 privata
411 256 513 299 carerent,-

63 306 128 353 Quam
140 305 208 357 genita
217 304 296 343 omniuo
305 306 360 343 nulla
367 303 444 343 ratione
452 305 545 343 fuissent:
688 299 729 343 345

33 390 35 394 ,
53 357 153 408 Undique
160 353 251 408 materies
261 355 355 405 quoniam
363 356 436 405 stipata
446 355 537 404 quiesset.
584 389 586 393 ,

91 412 206 455 Praeterea,
220 408 311 457 quamvis
321 407 395 450 solidae
406 419 438 444 res
449 420 491 444 esse
499 408 598 456 putentur,
630 443 632 446 .

64 462 117 501 Hinc
126 464 192 498 tamen
198 471 240 496 esse
253 458 300 498 licet
310 471 356 497 raro
367 471 412 497 cnm
420 470 502 508 corpore
512 470 586 497 cernes.
606 473 620 486 ³

63 516 87 554 In
96 512 147 552 saris
158 523 181 549 ac
190 510 286 560 speluncis
297 514 400 560 permanat
411 514 507 559 aquarum
552 508 554 512 '

56 561 159 613 '‘Liquidns
170 563 253 608 humor,
267 566 287 601 et
299 562 392 601 uberibus
399 561 522 600 fient'ornnia
530 559 602 613 gattis:
687 560 731 603 35⁰>

64 616 157 665 Dissnpet
165 614 186 652 in
194 627 264 663 corpus
275 627 317 652 sese
327 614 382 653 cibus
392 626 450 652 omne
457 613 591 652 animantum:
652 631 654 633 >

65 669 158 706 Crescunt
171 666 261 713 arbusta,
275 670 294 705 et
302 668 353 705 fetus
363 665 384 704 in
395 670 482 715 tempore
491 666 581 714 fundunt,

65 720 123 768 Quod
131 718 185 757 cibus
192 718 213 756 in
221 722 281 766 totas,
295 731 357 767 usque
366 720 391 757 ab
399 718 501 760 radicibus
509 717 561 766 imis,

65 773 104 811 Per
114 775 191 810 troncos
200 783 224 809 ae
231 784 266 820 per
274 776 339 810 ramos
348 770 463 808 diffirnditur
473 771 560 809 omneis:

64 824 192 872 intersaepta
201 826 268 861 meant
275 830 344 869 voees,
358 826 378 861 et
389 823 457 860 clause
467 823 571 860 domorum
621 834 623 841 ’
687 818 727 862 355

64 875 221 915 'I‘ransvolitantr
233 874 320 926 rigidum
327 878 430 924 permanat
436 874 500 925 frigus
512 875 538 912 ad
550 884 601 912 ossa.

66 928 136 976 Quod,
148 926 186 965 nisi
193 926 260 965 inania
272 927 310 965 sint
316 940 324 973 ,¹
335 925 374 975 qua
383 930 461 975 possent
469 938 551 975 corpora
560 936 648 976 quaeque

66 979 170 1026 Transire,
183 979 238 1018 haud
247 979 291 1016 ulla
302 978 345 1016 lieri
356 978 432 1017 ratione
441 978 525 1016 videres.

91 1031 190 1080 Denique,
204 1043 254 1079 quur
263 1030 311 1069 alias
320 1029 365 1068 aliis
373 1033 473 1080 praestare
483 1029 573 1070 videmus

65 1083 154 1122 Pondere
161 1095 193 1120 res
202 1083 271 1129 rebus,
285 1082 348 1120 nihilo
357 1082 434 1120 maiore
443 1081 521 1133 figura?
686 1078 727 1121 36⁰

65 1135 127 1182 Nam,
142 1133 160 1172 si
171 1134 284 1172 tantundem
293 1137 322 1172 est
334 1134 356 1171 in
365 1134 424 1172 lanae
433 1135 532 1185 glomere,
542 1136 640 1184 ¹quantum

26 1230 27 1233 Ἴ
67 1185 159 1236 Corporis
170 1185 191 1223 in
200 1187 281 1236 plumbo
295 1189 335 1234 est,
347 1186 461 1225 tantundem
468 1186 555 1237 pendere
565 1199 602 1236 par
615 1189 657 1232 est3

64 1237 157 1288 Corporis
167 1238 254 1276 officium
263 1241 291 1277 est
299 1238 392 1288 quoniam
401 1252 490 1288 premere
500 1239 566 1277 omnia
576 1239 677 1278 deorsum

65 1291 139 1329 Contra
148 1293 214 1329 autem
222 1294 292 1329 nature
300 1294 366 1329 manet
375 1291 416 1329 sine
422 1292 508 1341 pondere
518 1290 588 1329 inanis.

64 1343 131 1394 Ergo,
143 1343 195 1391 quod
203 1347 334 1393 magnnme'st
344 1343 415 1392 aeque,
428 1344 529 1393 leviusque
536 1343 621 1390 videtur,
686 1337 727 1381 365

64 1394 165 1434 Nimirum
173 1395 216 1444 plus
227 1407 269 1432 esse
279 1394 317 1433 sibi
327 1396 414 1433 declarat
422 1395 498 1433 inanis:

65 1447 93 1486 At
102 1449 170 1485 contra
179 1445 260 1497 grandus
270 1447 313 1496 plus
322 1446 343 1484 in
355 1460 376 1485 se
385 1447 471 1497 eorporis
479 1452 521 1485 esse'

65 1498 158 1547 Dedicat,
169 1502 189 1537 ct
199 1499 263 1538 multo
272 1511 358 1537 vacuum
365 1499 429 1538 miuus
439 1499 492 1539 intus
501 1499 582 1540 habere.

91 1550 127 1588 Est
135 1549 200 1600 igitur
208 1550 302 1589 nimirum
310 1550 343 1598 id,
358 1551 409 1600 quod
416 1550 567 1602 rationesagaci

66 1601 197 1651 Quaerimus,
210 1602 319 1641 admixtum
329 1602 400 1649 rebus3
413 1603 530 1652 quodinrme
540 1613 641 1643 vocamus.
684 1602 725 1644 370

90 1654 148 1705 Illud,
159 1653 180 1691 in
189 1654 221 1692 his
231 1654 290 1692 rebus
300 1658 354 1693 nete
364 1651 461 1700 deducere
467 1666 516 1693 vcro
544 1660 552 1672 ³

65 1704 141 1754 Possit,
154 1706 207 1754 quod
219 1705 300 1755 quidam
308 1707 398 1758 fingunt,
409 1719 537 1758 praecurrere
546 1719 614 1759 cogor.

65 1756 139 1794 Cedere
148 1758 278 1808 squamigeris
287 1758 356 1797 latices
364 1759 471 1798 nitentibus
479 1759 540 1806 aiunt,

65 1807 91 1845 Et
101 1807 185 1857 liquidas
197 1809 337 1859 aperire-vias,
349 1811 395 1859 quia
404 1814 448 1860 post
455 1813 499 1849 loca
509 1812 571 1860 pisces

66 1859 174 1909 Linquent,
187 1874 225 1910 qno
234 1861 309 1910 possint
318 1862 406 1902 cedentes
411 1863 511 1901 confluere
521 1864 595 1909 undae:

67 1910 100 1948 Sic
109 1912 158 1950 alies
166 1915 246 1962 'quoque
253 1926 285 1951 res
294 1914 347 1952 inter
355 1927 376 1952 se
386 1927 443 1964 posse
452 1915 535 1962 moveri,

67 1962 94 2001 Et
102 1966 180 2016 mutare
189 1965 267 2013 locum,
280 1966 370 2015 quamvis
383 1966 421 2005 sint
429 1966 496 2004 omnin
504 1967 568 2015 plene.

67 2013 147 2053 Scilicet
154 2015 175 2053 id
187 2016 392 2056 falsatotuur'rutione
400 2022 541 2068 reoeptumest.
594 2034 596 2037 ¹
621 2038 623 2040 >
670 2057 674 2063 ,

66 2064 119 2104 Nam
129 2079 167 2116 quo
176 2068 309 2119 squamigerei
318 2073 410 2118 poterunt
418 2070 523 2120 procedere
531 2069 617 2121 tandem,

67 2115 93 2154 Ni
101 2118 187 2167 spatium
195 2120 283 2159 dederint
290 2121 372 2160 latices?
385 2123 490 2173 concedere
498 2134 558 2171 porro
610 2161 612 2164 ,

66 2167 111 2215 Quo
120 2174 212 2218 poterunt
220 2173 296 2219 undae,
308 2186 368 2222 quoru
380 2174 443 2224 pisces
454 2174 484 2211 irc
494 2174 615 2223 nequibunt?

68 2218 108 2256 Aut
117 2221 180 2271 igitur
187 2228 242 2262 motu
251 2224 371 2273 privandum
381 2228 411 2262 est
420 2236 503 2273 corpore
513 2238 609 2274 quaeque,

67 2267 108 2307 Aut
116 2284 158 2310 esse
166 2274 275 2313 admixtum
283 2276 389 2314 dicundum
397 2279 426 2314 est
434 2277 493 2315 rebus
503 2276 573 2323 inane;

67 2319 124 2359 Unde
132 2323 203 2364 initum
210 2327 298 2377 primum
307 2328 371 2376 capiat
378 2341 409 2367 res
420 2341 509 2378 quaeque
518 2323 616 2371 movendi.

84 2370 204 2432 ,Ppstremm
217 2380 256 2417 duo
268 2380 292 2417 de
299 2392 392 2418 concurso
402 2380 537 2430 corpore'leta

67 2418 91 2457 Sl
101 2426 139 2462 crta
149 2425 255 2476 dissiliant,
267 2444 337 2480 nempe
344 2434 379 2470 adr
390 2444 448 2471 omne
457 2444 535 2472 necesse
543 2436 579 2480 est,

66 2470 120 2512 Inter
131 2483 271 2532 corporaquod
278 2483 326 2531 liet,
337 2483 424 2534 possidet
432 2483 496 2524 inane.
