<?xml version="1.0" encoding="UTF-8"?>
<!DOCTYPE html PUBLIC "-//W3C//DTD XHTML 1.0 Transitional//EN"
    "http://www.w3.org/TR/xhtml1/DTD/xhtml1-transitional.dtd">
<html xmlns="http://www.w3.org/1999/xhtml" xml:lang="en" lang="en">
 <head>
  <title>
</title>
<meta http-equiv="Content-Type" content="text/html;charset=utf-8" />
  <meta name='ocr-system' content='tesseract 3.04.00' />
  <meta name='ocr-capabilities' content='ocr_page ocr_carea ocr_par ocr_line ocrx_word'/>
</head>
<body>
  <div class='ocr_page' id='page_1' title='image "./MN40048ucmf_3_0402.png"; bbox 0 0 1690 2654; ppageno 0'>
   <div class='ocr_carea' id='block_1_1' title="bbox 81 93 611 157">
    <p class='ocr_par' dir='ltr' id='par_1_1' title="bbox 81 93 611 157">
     <span class='ocr_line' id='line_1_1' title="bbox 81 93 611 157; baseline -0.009 -17"><span class='ocrx_word' id='word_1_1' title='bbox 81 93 130 140; x_wconf 81' lang='lat'><strong><em>316</em></strong></span> <span class='ocrx_word' id='word_1_2' title='bbox 299 94 580 145; x_wconf 78' lang='lat' dir='ltr'><strong>ANNOTATIONES</strong></span> <span class='ocrx_word' id='word_1_3' title='bbox 607 147 611 157; x_wconf 26' lang='lat' dir='ltr'><em>J</em></span> 
     </span>
    </p>
   </div>
   <div class='ocr_carea' id='block_1_2' title="bbox 82 194 844 256">
    <p class='ocr_par' dir='ltr' id='par_1_2' title="bbox 82 194 844 256">
     <span class='ocr_line' id='line_1_2' title="bbox 82 194 844 256; baseline -0.005 -11"><span class='ocrx_word' id='word_1_4' title='bbox 82 220 162 245; x_wconf 86' lang='lat' dir='ltr'><strong><em>manere</em></strong></span> <span class='ocrx_word' id='word_1_5' title='bbox 172 194 235 241; x_wconf 88' lang='lat' dir='ltr'><strong><em>lectio</em></strong></span> <span class='ocrx_word' id='word_1_6' title='bbox 248 207 279 239; x_wconf 83' lang='lat' dir='ltr'><strong><em>est</em></strong></span> <span class='ocrx_word' id='word_1_7' title='bbox 290 202 385 242; x_wconf 89' lang='lat' dir='ltr'><strong><em>omnium</em></strong></span> <span class='ocrx_word' id='word_1_8' title='bbox 394 204 504 253; x_wconf 84' lang='lat' dir='ltr'><strong><em>librorum,</em></strong></span> <span class='ocrx_word' id='word_1_9' title='bbox 514 216 534 241; x_wconf 83' lang='lat' dir='ltr'><strong><em>-a</em></strong></span> <span class='ocrx_word' id='word_1_10' title='bbox 544 203 606 243; x_wconf 84' lang='lat' dir='ltr'><strong><em>Wak.</em></strong></span> <span class='ocrx_word' id='word_1_11' title='bbox 618 203 720 253; x_wconf 83' lang='lat' dir='ltr'><strong><em>restituta,</em></strong></span> <span class='ocrx_word' id='word_1_12' title='bbox 734 215 798 256; x_wconf 86' lang='lat' dir='ltr'><strong><em>quam</em></strong></span> <span class='ocrx_word' id='word_1_13' title='bbox 810 215 811 218; x_wconf 51' lang='lat'>¹</span> <span class='ocrx_word' id='word_1_14' title='bbox 843 245 844 249; x_wconf 41' lang='lat'>,</span> 
     </span>
    </p>
   </div>
   <div class='ocr_carea' id='block_1_3' title="bbox 9 254 725 307">
    <p class='ocr_par' dir='ltr' id='par_1_3' title="bbox 9 254 725 307">
     <span class='ocr_line' id='line_1_3' title="bbox 9 254 725 307; baseline 0.006 -15"><span class='ocrx_word' id='word_1_15' title='bbox 9 279 12 282; x_wconf 78' lang='lat'><em>,</em></span> <span class='ocrx_word' id='word_1_16' title='bbox 81 254 204 307; x_wconf 81' lang='lat' dir='ltr'><strong><em>vulg.editt.</em></strong></span> <span class='ocrx_word' id='word_1_17' title='bbox 218 256 326 304; x_wconf 85' lang='lat' dir='ltr'><strong><em>(etHav.)</em></strong></span> <span class='ocrx_word' id='word_1_18' title='bbox 339 257 455 294; x_wconf 83' lang='lat' dir='ltr'><strong><em>mutantin</em></strong></span> <span class='ocrx_word' id='word_1_19' title='bbox 464 266 559 296; x_wconf 78' lang='lat' dir='ltr'><strong><em>maneret.</em></strong></span> <span class='ocrx_word' id='word_1_20' title='bbox 646 294 648 297; x_wconf 79' lang='grc'>,</span> <span class='ocrx_word' id='word_1_21' title='bbox 723 280 725 283; x_wconf 84' lang='grc'><em>·</em></span> 
     </span>
    </p>
   </div>
   <div class='ocr_carea' id='block_1_4' title="bbox 79 305 845 464">
    <p class='ocr_par' dir='ltr' id='par_1_4' title="bbox 79 305 845 464">
     <span class='ocr_line' id='line_1_4' title="bbox 131 305 796 359; baseline -0.001 -13"><span class='ocrx_word' id='word_1_22' title='bbox 131 308 176 347; x_wconf 81' lang='grc'>795.</span> <span class='ocrx_word' id='word_1_23' title='bbox 203 306 271 357; x_wconf 81' lang='lat' dir='ltr'>Vulgo</span> <span class='ocrx_word' id='word_1_24' title='bbox 282 313 330 345; x_wconf 84' lang='lat' dir='ltr'><strong><em>ante</em></strong></span> <span class='ocrx_word' id='word_1_25' title='bbox 341 320 410 348; x_wconf 74' lang='lat' dir='ltr'><strong><em>nostro</em></strong></span> <span class='ocrx_word' id='word_1_26' title='bbox 420 308 519 346; x_wconf 85' lang='lat' dir='ltr'><strong><em>inseritur</em></strong></span> <span class='ocrx_word' id='word_1_27' title='bbox 529 310 558 355; x_wconf 86' lang='lat' dir='ltr'><strong><em>in,</em></strong></span> <span class='ocrx_word' id='word_1_28' title='bbox 572 305 635 359; x_wconf 77' lang='lat' dir='ltr'><strong><em>quod,</em></strong></span> <span class='ocrx_word' id='word_1_29' title='bbox 646 319 712 358; x_wconf 87' lang='lat' dir='ltr'><strong><em>quum</em></strong></span> <span class='ocrx_word' id='word_1_30' title='bbox 721 306 743 351; x_wconf 86' lang='lat' dir='ltr'><strong><em>in</em></strong></span> <span class='ocrx_word' id='word_1_31' title='bbox 754 318 796 345; x_wconf 86' lang='lat' dir='ltr'><strong><em>uno</em></strong></span> 
     </span>
     <span class='ocr_line' id='line_1_5' title="bbox 79 358 845 408; baseline -0.001 -11"><span class='ocrx_word' id='word_1_32' title='bbox 79 365 161 398; x_wconf 87' lang='lat' dir='ltr'><strong><em>tautum</em></strong></span> <span class='ocrx_word' id='word_1_33' title='bbox 173 359 221 399; x_wconf 70' lang='lat' dir='ltr'><strong><em>cod.</em></strong></span> <span class='ocrx_word' id='word_1_34' title='bbox 231 359 292 398; x_wconf 82' lang='lat' dir='ltr'><strong><em>Vind.</em></strong></span> <span class='ocrx_word' id='word_1_35' title='bbox 302 359 433 408; x_wconf 81' lang='lat' dir='ltr'><strong><em>inveniatur,</em></strong></span> <span class='ocrx_word' id='word_1_36' title='bbox 445 360 506 399; x_wconf 82' lang='lat' dir='ltr'><strong><em>Wak.</em></strong></span> <span class='ocrx_word' id='word_1_37' title='bbox 515 366 575 397; x_wconf 77' lang='lat' dir='ltr'><strong><em>recte</em></strong></span> <span class='ocrx_word' id='word_1_38' title='bbox 585 358 662 400; x_wconf 89' lang='lat' dir='ltr'><strong><em>omisit.</em></strong></span> <span class='ocrx_word' id='word_1_39' title='bbox 709 370 711 373; x_wconf 83' lang='lat'>·</span> <span class='ocrx_word' id='word_1_40' title='bbox 727 383 738 399; x_wconf 71' lang='grc'><strong><em>-,</em></strong></span> <span class='ocrx_word' id='word_1_41' title='bbox 843 362 845 407; x_wconf 43' lang='lat' dir='ltr'><em>g</em></span> 
     </span>
     <span class='ocr_line' id='line_1_6' title="bbox 130 409 845 464; baseline -0.006 -13"><span class='ocrx_word' id='word_1_42' title='bbox 130 412 189 451; x_wconf 56' lang='lat'><strong><em>798·</em></strong></span> <span class='ocrx_word' id='word_1_43' title='bbox 204 410 272 449; x_wconf 82' lang='lat' dir='ltr'><strong><em>Verba</em></strong></span> <span class='ocrx_word' id='word_1_44' title='bbox 288 423 346 451; x_wconf 79' lang='lat' dir='ltr'><strong><em>tanto</em></strong></span> <span class='ocrx_word' id='word_1_45' title='bbox 358 415 425 464; x_wconf 77' lang='lat' dir='ltr'><strong><em>magis</em></strong></span> <span class='ocrx_word' id='word_1_46' title='bbox 437 414 571 463; x_wconf 81' lang='lat' dir='ltr'><strong><em>inficiandum</em></strong></span> <span class='ocrx_word' id='word_1_47' title='bbox 583 424 632 449; x_wconf 89' lang='lat' dir='ltr'><strong><em>cum</em></strong></span> <span class='ocrx_word' id='word_1_48' title='bbox 643 411 725 463; x_wconf 82' lang='lat' dir='ltr'><strong><em>integro</em></strong></span> <span class='ocrx_word' id='word_1_49' title='bbox 735 422 797 455; x_wconf 86' lang='lat' dir='ltr'><strong><em>versu</em></strong></span> <span class='ocrx_word' id='word_1_50' title='bbox 843 409 845 439; x_wconf 60' lang='lat' dir='ltr'><strong><em>i</em></strong></span> 
     </span>
    </p>
   </div>
   <div class='ocr_carea' id='block_1_5' title="bbox 14 461 797 516">
    <p class='ocr_par' dir='ltr' id='par_1_5' title="bbox 14 458 845 516">
     <span class='ocr_line' id='line_1_7' title="bbox 14 461 797 516; baseline -0.001 -16"><span class='ocrx_word' id='word_1_51' title='bbox 14 496 18 500; x_wconf 90' lang='lat'><strong><em>.</em></strong></span> <span class='ocrx_word' id='word_1_52' title='bbox 78 461 175 512; x_wconf 85' lang='lat' dir='ltr'><strong><em>sequenti</em></strong></span> <span class='ocrx_word' id='word_1_53' title='bbox 184 462 299 501; x_wconf 81' lang='lat' dir='ltr'>Priscianus</span> <span class='ocrx_word' id='word_1_54' title='bbox 309 463 381 501; x_wconf 83' lang='lat' dir='ltr'><strong><em>laudat</em></strong></span> <span class='ocrx_word' id='word_1_55' title='bbox 390 466 415 514; x_wconf 89' lang='lat' dir='ltr'><strong><em>X,</em></strong></span> <span class='ocrx_word' id='word_1_56' title='bbox 426 465 445 504; x_wconf 89' lang='lat'><strong><em>7.</em></strong></span> <span class='ocrx_word' id='word_1_57' title='bbox 457 466 473 516; x_wconf 56' lang='grc' dir='ltr'><strong><em>ᾗ.</em></strong></span> <span class='ocrx_word' id='word_1_58' title='bbox 485 465 517 504; x_wconf 73' lang='grc'><strong><em>38;</em></strong></span> <span class='ocrx_word' id='word_1_59' title='bbox 526 465 560 514; x_wconf 76' lang='lat' dir='ltr'><strong><em>;(p.</em></strong></span> <span class='ocrx_word' id='word_1_60' title='bbox 573 465 617 503; x_wconf 85' lang='lat'><strong><em>898.</em></strong></span> <span class='ocrx_word' id='word_1_61' title='bbox 627 463 664 512; x_wconf 71' lang='lat' dir='ltr'><strong><em>R),</em></strong></span> <span class='ocrx_word' id='word_1_62' title='bbox 677 462 797 513; x_wconf 84' lang='lat' dir='ltr'><strong><em>exemplum</em></strong></span> 
     </span>
    </p>
   </div>
   <div class='ocr_carea' id='block_1_6' title="bbox 53 514 845 923">
    <p class='ocr_par' dir='ltr' id='par_1_6' title="bbox 53 514 845 822">
     <span class='ocr_line' id='line_1_8' title="bbox 79 514 845 569; baseline 0 -18"><span class='ocrx_word' id='word_1_63' title='bbox 79 514 180 552; x_wconf 84' lang='lat' dir='ltr'><strong><em>allaturus</em></strong></span> <span class='ocrx_word' id='word_1_64' title='bbox 195 514 255 553; x_wconf 83' lang='lat' dir='ltr'><strong><em>verbi</em></strong></span> <span class='ocrx_word' id='word_1_65' title='bbox 267 515 401 553; x_wconf 76' lang='lat' dir='ltr'><strong><em>vetustissimi</em></strong></span> <span class='ocrx_word' id='word_1_66' title='bbox 417 532 490 569; x_wconf 83' lang='lat' dir='ltr'><strong><em>genere</em></strong></span> <span class='ocrx_word' id='word_1_67' title='bbox 507 528 545 565; x_wconf 81' lang='lat' dir='ltr'><strong><em>pro</em></strong></span> <span class='ocrx_word' id='word_1_68' title='bbox 560 519 651 569; x_wconf 78' lang='lat' dir='ltr'><strong><em>gignere.</em></strong></span> <span class='ocrx_word' id='word_1_69' title='bbox 672 515 745 565; x_wconf 85' lang='lat' dir='ltr'><strong><em>(Gonf.</em></strong></span> <span class='ocrx_word' id='word_1_70' title='bbox 761 517 796 562; x_wconf 88' lang='lat' dir='ltr'><strong><em>Ill,</em></strong></span> <span class='ocrx_word' id='word_1_71' title='bbox 844 538 845 563; x_wconf 67' lang='lat'><em>3</em></span> 
     </span>
     <span class='ocr_line' id='line_1_9' title="bbox 79 563 845 620; baseline -0.003 -14"><span class='ocrx_word' id='word_1_72' title='bbox 79 563 142 616; x_wconf 77' lang='lat'><strong><em>434.)</em></strong></span> <span class='ocrx_word' id='word_1_73' title='bbox 155 586 186 596; x_wconf 90' lang='lat'><strong><em>—·</em></strong></span> <span class='ocrx_word' id='word_1_74' title='bbox 194 566 254 620; x_wconf 79' lang='lat' dir='ltr'><strong><em>geni]</em></strong></span> <span class='ocrx_word' id='word_1_75' title='bbox 269 566 318 605; x_wconf 87' lang='lat' dir='ltr'><strong><em>Brit.</em></strong></span> <span class='ocrx_word' id='word_1_76' title='bbox 328 569 346 607; x_wconf 93' lang='lat'><strong><em>2.</em></strong></span> <span class='ocrx_word' id='word_1_77' title='bbox 359 571 430 620; x_wconf 65' lang='lat' dir='ltr'><strong><em>gigni,</em></strong></span> <span class='ocrx_word' id='word_1_78' title='bbox 445 581 456 605; x_wconf 87' lang='lat' dir='ltr'><strong><em>e</em></strong></span> <span class='ocrx_word' id='word_1_79' title='bbox 468 568 542 619; x_wconf 84' lang='lat' dir='ltr'><strong><em>glossa.</em></strong></span> <span class='ocrx_word' id='word_1_80' title='bbox 844 568 845 610; x_wconf 72' lang='lat' dir='ltr'>J</span> 
     </span>
     <span class='ocr_line' id='line_1_10' title="bbox 110 616 797 666; baseline -0.001 -9"><span class='ocrx_word' id='word_1_81' title='bbox 110 620 178 658; x_wconf 54' lang='grc' dir='ltr'><strong><em>ῚῚ801.</em></strong></span> <span class='ocrx_word' id='word_1_82' title='bbox 204 621 319 666; x_wconf 76' lang='lat' dir='ltr'><strong><em>mortalem,</em></strong></span> <span class='ocrx_word' id='word_1_83' title='bbox 332 619 345 658; x_wconf 92' lang='lat' dir='ltr'><strong><em>i.</em></strong></span> <span class='ocrx_word' id='word_1_84' title='bbox 360 631 377 657; x_wconf 87' lang='lat' dir='ltr'><strong><em>e.</em></strong></span> <span class='ocrx_word' id='word_1_85' title='bbox 392 619 506 657; x_wconf 86' lang='lat' dir='ltr'><strong><em>homiuem.</em></strong></span> <span class='ocrx_word' id='word_1_86' title='bbox 534 618 567 655; x_wconf 80' lang='lat' dir='ltr'><strong><em>sic</em></strong></span> <span class='ocrx_word' id='word_1_87' title='bbox 580 624 650 656; x_wconf 85' lang='lat' dir='ltr'><strong><em>autem</em></strong></span> <span class='ocrx_word' id='word_1_88' title='bbox 661 617 721 657; x_wconf 84' lang='lat' dir='ltr'><strong><em>Wak.</em></strong></span> <span class='ocrx_word' id='word_1_89' title='bbox 732 616 797 656; x_wconf 87' lang='lat' dir='ltr'><strong><em>edidit</em></strong></span> 
     </span>
     <span class='ocr_line' id='line_1_11' title="bbox 53 669 844 720; baseline 0 -13"><span class='ocrx_word' id='word_1_90' title='bbox 53 688 54 692; x_wconf 47' lang='lat'>¹</span> <span class='ocrx_word' id='word_1_91' title='bbox 81 681 130 708; x_wconf 86' lang='lat' dir='ltr'><strong><em>cum</em></strong></span> <span class='ocrx_word' id='word_1_92' title='bbox 141 670 199 710; x_wconf 89' lang='lat' dir='ltr'><strong><em>Bodl.</em></strong></span> <span class='ocrx_word' id='word_1_93' title='bbox 207 673 267 708; x_wconf 86' lang='lat' dir='ltr'><strong><em>Poor.</em></strong></span> <span class='ocrx_word' id='word_1_94' title='bbox 278 670 327 710; x_wconf 84' lang='lat' dir='ltr'><strong><em>Brit.</em></strong></span> <span class='ocrx_word' id='word_1_95' title='bbox 339 672 356 709; x_wconf 90' lang='lat'><strong><em>1.</em></strong></span> <span class='ocrx_word' id='word_1_96' title='bbox 368 672 388 709; x_wconf 86' lang='lat'><strong><em>3.</em></strong></span> <span class='ocrx_word' id='word_1_97' title='bbox 400 672 456 710; x_wconf 82' lang='lat' dir='ltr'>Cant.</span> <span class='ocrx_word' id='word_1_98' title='bbox 468 677 488 707; x_wconf 89' lang='lat' dir='ltr'><strong><em>et</em></strong></span> <span class='ocrx_word' id='word_1_99' title='bbox 499 670 595 707; x_wconf 86' lang='lat' dir='ltr'><strong><em>omnibus</em></strong></span> <span class='ocrx_word' id='word_1_100' title='bbox 606 669 663 708; x_wconf 82' lang='lat' dir='ltr'>editt.</span> <span class='ocrx_word' id='word_1_101' title='bbox 674 676 724 707; x_wconf 82' lang='lat' dir='ltr'><strong><em>vett.</em></strong></span> <span class='ocrx_word' id='word_1_102' title='bbox 736 681 796 720; x_wconf 81' lang='lat' dir='ltr'><strong><em>prae·</em></strong></span> <span class='ocrx_word' id='word_1_103' title='bbox 843 694 844 697; x_wconf 61' lang='lat'><em>=</em></span> 
     </span>
     <span class='ocr_line' id='line_1_12' title="bbox 79 721 795 774; baseline 0.003 -16"><span class='ocrx_word' id='word_1_104' title='bbox 79 728 113 758; x_wconf 84' lang='lat' dir='ltr'><strong><em>ter</em></strong></span> <span class='ocrx_word' id='word_1_105' title='bbox 122 724 176 759; x_wconf 89' lang='lat' dir='ltr'><strong><em>Iunt.</em></strong></span> <span class='ocrx_word' id='word_1_106' title='bbox 187 728 209 758; x_wconf 87' lang='lat' dir='ltr'><strong><em>et</em></strong></span> <span class='ocrx_word' id='word_1_107' title='bbox 219 721 262 757; x_wconf 70' lang='lat' dir='ltr'><strong><em>ald.</em></strong></span> <span class='ocrx_word' id='word_1_108' title='bbox 273 723 292 758; x_wconf 89' lang='lat'><strong><em>2.</em></strong></span> <span class='ocrx_word' id='word_1_109' title='bbox 308 721 369 768; x_wconf 85' lang='lat' dir='ltr'><strong><em>(licet</em></strong></span> <span class='ocrx_word' id='word_1_110' title='bbox 382 721 470 761; x_wconf 79' lang='lat' dir='ltr'><strong><em>Gerard,</em></strong></span> <span class='ocrx_word' id='word_1_111' title='bbox 480 721 568 768; x_wconf 81' lang='lat' dir='ltr'><strong><em>taceat.)</em></strong></span> <span class='ocrx_word' id='word_1_112' title='bbox 582 723 631 760; x_wconf 84' lang='lat' dir='ltr'><strong><em>Hav.</em></strong></span> <span class='ocrx_word' id='word_1_113' title='bbox 646 733 694 758; x_wconf 89' lang='lat' dir='ltr'><strong><em>cum</em></strong></span> <span class='ocrx_word' id='word_1_114' title='bbox 704 721 795 774; x_wconf 82' lang='lat' dir='ltr'><strong><em>vulgari-</em></strong></span> 
     </span>
     <span class='ocr_line' id='line_1_13' title="bbox 79 771 844 822; baseline -0.003 -11"><span class='ocrx_word' id='word_1_115' title='bbox 79 772 118 811; x_wconf 85' lang='lat' dir='ltr'><strong><em>bus</em></strong></span> <span class='ocrx_word' id='word_1_116' title='bbox 129 775 225 820; x_wconf 79' lang='lat' dir='ltr'><strong><em>mortale,</em></strong></span> <span class='ocrx_word' id='word_1_117' title='bbox 239 771 295 822; x_wconf 86' lang='lat' dir='ltr'><strong><em>quod</em></strong></span> <span class='ocrx_word' id='word_1_118' title='bbox 308 784 348 810; x_wconf 84' lang='lat' dir='ltr'><strong><em>ev.</em></strong></span> <span class='ocrx_word' id='word_1_119' title='bbox 360 772 405 811; x_wconf 89' lang='lat'>805.</span> <span class='ocrx_word' id='word_1_120' title='bbox 417 772 459 809; x_wconf 91' lang='lat' dir='ltr'><strong><em>huc</em></strong></span> <span class='ocrx_word' id='word_1_121' title='bbox 466 771 594 809; x_wconf 75' lang='lat' dir='ltr'><strong><em>‘translatum</em></strong></span> <span class='ocrx_word' id='word_1_122' title='bbox 604 772 692 811; x_wconf 83' lang='lat' dir='ltr'><strong><em>videtur.</em></strong></span> <span class='ocrx_word' id='word_1_123' title='bbox 768 813 770 815; x_wconf 53' lang='grc'>,</span> <span class='ocrx_word' id='word_1_124' title='bbox 843 794 844 821; x_wconf 75' lang='lat'>3</span> 
     </span>
    </p>

    <p class='ocr_par' dir='ltr' id='par_1_7' title="bbox 79 823 844 923">
     <span class='ocr_line' id='line_1_14' title="bbox 131 823 844 874; baseline 0 -10"><span class='ocrx_word' id='word_1_125' title='bbox 131 826 175 865; x_wconf 83' lang='lat'><strong><em>806.</em></strong></span> <span class='ocrx_word' id='word_1_126' title='bbox 200 826 285 869; x_wconf 76' lang='lat' dir='ltr'><strong><em>saeuas]</em></strong></span> <span class='ocrx_word' id='word_1_127' title='bbox 300 823 330 860; x_wconf 89' lang='lat' dir='ltr'><strong><em>sic</em></strong></span> <span class='ocrx_word' id='word_1_128' title='bbox 345 823 385 866; x_wconf 82' lang='lat' dir='ltr'><strong><em>soli</em></strong></span> <span class='ocrx_word' id='word_1_129' title='bbox 399 823 429 861; x_wconf 89' lang='lat' dir='ltr'><strong><em>Pii</em></strong></span> <span class='ocrx_word' id='word_1_130' title='bbox 445 823 508 863; x_wconf 88' lang='lat' dir='ltr'><strong><em>Codd.</em></strong></span> <span class='ocrx_word' id='word_1_131' title='bbox 525 823 573 862; x_wconf 84' lang='lat' dir='ltr'><strong><em>Brit.</em></strong></span> <span class='ocrx_word' id='word_1_132' title='bbox 587 824 605 863; x_wconf 88' lang='lat'><strong><em>1.</em></strong></span> <span class='ocrx_word' id='word_1_133' title='bbox 617 826 670 865; x_wconf 87' lang='lat' dir='ltr'><strong><em>lunt.</em></strong></span> <span class='ocrx_word' id='word_1_134' title='bbox 682 829 702 862; x_wconf 86' lang='lat' dir='ltr'><strong><em>et</em></strong></span> <span class='ocrx_word' id='word_1_135' title='bbox 712 824 756 862; x_wconf 85' lang='lat' dir='ltr'><strong><em>Ald.</em></strong></span> <span class='ocrx_word' id='word_1_136' title='bbox 767 825 794 874; x_wconf 90' lang='lat'><strong><em>2.‚</em></strong></span> <span class='ocrx_word' id='word_1_137' title='bbox 843 824 844 867; x_wconf 58' lang='grc' dir='ltr'>ζ</span> 
     </span>
     <span class='ocr_line' id='line_1_15' title="bbox 79 874 844 923; baseline 0.004 -11"><span class='ocrx_word' id='word_1_138' title='bbox 79 881 101 912; x_wconf 82' lang='lat' dir='ltr'><strong><em>et</em></strong></span> <span class='ocrx_word' id='word_1_139' title='bbox 115 882 186 913; x_wconf 79' lang='lat' dir='ltr'><strong><em>tamen</em></strong></span> <span class='ocrx_word' id='word_1_140' title='bbox 200 875 253 912; x_wconf 85' lang='lat' dir='ltr'><strong><em>haec</em></strong></span> <span class='ocrx_word' id='word_1_141' title='bbox 266 874 328 911; x_wconf 83' lang='lat' dir='ltr'><strong><em>unice</em></strong></span> <span class='ocrx_word' id='word_1_142' title='bbox 340 887 390 912; x_wconf 84' lang='lat' dir='ltr'><strong><em>vera</em></strong></span> <span class='ocrx_word' id='word_1_143' title='bbox 406 882 436 912; x_wconf 89' lang='lat' dir='ltr'><strong><em>est</em></strong></span> <span class='ocrx_word' id='word_1_144' title='bbox 446 876 521 923; x_wconf 84' lang='lat' dir='ltr'><strong><em>lectio;</em></strong></span> <span class='ocrx_word' id='word_1_145' title='bbox 536 875 601 913; x_wconf 85' lang='lat' dir='ltr'><strong><em>ceteri</em></strong></span> <span class='ocrx_word' id='word_1_146' title='bbox 610 875 659 912; x_wconf 84' lang='lat' dir='ltr'>libri</span> <span class='ocrx_word' id='word_1_147' title='bbox 671 888 742 913; x_wconf 87' lang='lat' dir='ltr'><strong><em>omnes</em></strong></span> <span class='ocrx_word' id='word_1_148' title='bbox 754 879 795 915; x_wconf 79' lang='lat' dir='ltr'><strong><em>cal·</em></strong></span> <span class='ocrx_word' id='word_1_149' title='bbox 843 891 844 923; x_wconf 73' lang='lat' dir='ltr'><strong>j</strong></span> 
     </span>
    </p>
   </div>
   <div class='ocr_carea' id='block_1_7' title="bbox 2 923 772 980">
    <p class='ocr_par' dir='ltr' id='par_1_8' title="bbox 2 923 772 980">
     <span class='ocr_line' id='line_1_16' title="bbox 2 923 772 980; baseline -0.003 -14"><span class='ocrx_word' id='word_1_150' title='bbox 2 941 4 944; x_wconf 73' lang='grc'>’</span> <span class='ocrx_word' id='word_1_151' title='bbox 78 943 123 970; x_wconf 81' lang='lat' dir='ltr'><strong><em>vas.</em></strong></span> <span class='ocrx_word' id='word_1_152' title='bbox 136 927 214 976; x_wconf 82' lang='lat' dir='ltr'><strong><em>(Gonf.</em></strong></span> <span class='ocrx_word' id='word_1_153' title='bbox 224 928 257 974; x_wconf 84' lang='lat' dir='ltr'><strong><em>Vl,</em></strong></span> <span class='ocrx_word' id='word_1_154' title='bbox 267 923 319 975; x_wconf 60' lang='lat'><strong><em>458„</em></strong></span> <span class='ocrx_word' id='word_1_155' title='bbox 333 926 370 963; x_wconf 87' lang='lat' dir='ltr'><strong><em>ubi</em></strong></span> <span class='ocrx_word' id='word_1_156' title='bbox 380 942 442 966; x_wconf 79' lang='lat' dir='ltr'><strong><em>saeua</em></strong></span> <span class='ocrx_word' id='word_1_157' title='bbox 452 939 560 980; x_wconf 74' lang='lat' dir='ltr'><strong><em>tempestae</em></strong></span> <span class='ocrx_word' id='word_1_158' title='bbox 571 929 772 977; x_wconf 85' lang='lat' dir='ltr'><strong><em>commemoratur.)</em></strong></span> 
     </span>
    </p>
   </div>
   <div class='ocr_carea' id='block_1_8' title="bbox 78 977 796 1389">
    <p class='ocr_par' dir='ltr' id='par_1_9' title="bbox 78 977 795 1082">
     <span class='ocr_line' id='line_1_17' title="bbox 131 977 795 1028; baseline 0.002 -11"><span class='ocrx_word' id='word_1_159' title='bbox 131 981 174 1017; x_wconf 87' lang='lat' dir='ltr'><strong><em>Vss.</em></strong></span> <span class='ocrx_word' id='word_1_160' title='bbox 186 979 303 1019; x_wconf 86' lang='lat'><strong><em>807—829.</em></strong></span> <span class='ocrx_word' id='word_1_161' title='bbox 321 978 376 1017; x_wconf 85' lang='lat' dir='ltr'><strong><em>iufra</em></strong></span> <span class='ocrx_word' id='word_1_162' title='bbox 388 980 413 1028; x_wconf 78' lang='lat' dir='ltr'><strong><em>V,</em></strong></span> <span class='ocrx_word' id='word_1_163' title='bbox 425 977 543 1020; x_wconf 77' lang='lat'><strong><em>352-374.</em></strong></span> <span class='ocrx_word' id='word_1_164' title='bbox 561 978 602 1017; x_wconf 87' lang='lat' dir='ltr'><strong><em>hac</em></strong></span> <span class='ocrx_word' id='word_1_165' title='bbox 619 978 653 1017; x_wconf 87' lang='lat' dir='ltr'><strong><em>vel</em></strong></span> <span class='ocrx_word' id='word_1_166' title='bbox 667 979 704 1018; x_wconf 86' lang='lat' dir='ltr'><strong><em>illa</em></strong></span> <span class='ocrx_word' id='word_1_167' title='bbox 718 979 795 1018; x_wconf 79' lang='lat' dir='ltr'><strong><em>vocula</em></strong></span> 
     </span>
     <span class='ocr_line' id='line_1_18' title="bbox 78 1030 766 1082; baseline 0 -14"><span class='ocrx_word' id='word_1_168' title='bbox 78 1030 154 1068; x_wconf 84' lang='lat' dir='ltr'><strong><em>mutati</em></strong></span> <span class='ocrx_word' id='word_1_169' title='bbox 164 1036 293 1082; x_wconf 78' lang='lat' dir='ltr'><strong><em>repetuntur.</em></strong></span> <span class='ocrx_word' id='word_1_170' title='bbox 618 1043 623 1049; x_wconf 63' lang='grc'><em>“</em></span> <span class='ocrx_word' id='word_1_171' title='bbox 765 1069 766 1072; x_wconf 66' lang='grc'>,</span> 
     </span>
    </p>

    <p class='ocr_par' dir='ltr' id='par_1_10' title="bbox 79 1081 796 1224">
     <span class='ocr_line' id='line_1_19' title="bbox 131 1081 796 1133; baseline -0.003 -11"><span class='ocrx_word' id='word_1_172' title='bbox 131 1084 175 1122; x_wconf 78' lang='grc'>809.</span> <span class='ocrx_word' id='word_1_173' title='bbox 188 1118 189 1121; x_wconf 75' lang='grc'>,</span> <span class='ocrx_word' id='word_1_174' title='bbox 203 1086 285 1129; x_wconf 74' lang='lat' dir='ltr'><strong><em>arctos]</em></strong></span> <span class='ocrx_word' id='word_1_175' title='bbox 298 1081 364 1133; x_wconf 80' lang='lat' dir='ltr'><strong><em>Lugd.</em></strong></span> <span class='ocrx_word' id='word_1_176' title='bbox 373 1084 393 1121; x_wconf 82' lang='lat'><strong><em>1.</em></strong></span> <span class='ocrx_word' id='word_1_177' title='bbox 404 1084 423 1123; x_wconf 88' lang='lat'><strong><em>2.</em></strong></span> <span class='ocrx_word' id='word_1_178' title='bbox 436 1081 495 1125; x_wconf 80' lang='lat' dir='ltr'><strong><em>Bodl.</em></strong></span> <span class='ocrx_word' id='word_1_179' title='bbox 506 1082 569 1121; x_wconf 85' lang='lat' dir='ltr'><strong><em>Poor.</em></strong></span> <span class='ocrx_word' id='word_1_180' title='bbox 581 1081 631 1125; x_wconf 88' lang='lat' dir='ltr'><strong><em>Brit.</em></strong></span> <span class='ocrx_word' id='word_1_181' title='bbox 642 1083 661 1122; x_wconf 90' lang='lat'><strong><em>2.</em></strong></span> <span class='ocrx_word' id='word_1_182' title='bbox 671 1083 691 1130; x_wconf 77' lang='lat'><strong><em>3.</em></strong></span> <span class='ocrx_word' id='word_1_183' title='bbox 704 1083 763 1120; x_wconf 85' lang='lat' dir='ltr'><strong><em>Cant.</em></strong></span> <span class='ocrx_word' id='word_1_184' title='bbox 775 1088 796 1120; x_wconf 84' lang='lat' dir='ltr'><strong><em>et</em></strong></span> 
     </span>
     <span class='ocr_line' id='line_1_20' title="bbox 79 1132 795 1186; baseline 0.001 -15"><span class='ocrx_word' id='word_1_185' title='bbox 79 1146 152 1171; x_wconf 86' lang='lat' dir='ltr'><strong><em>omues</em></strong></span> <span class='ocrx_word' id='word_1_186' title='bbox 169 1134 226 1171; x_wconf 83' lang='lat' dir='ltr'><strong><em>editt.</em></strong></span> <span class='ocrx_word' id='word_1_187' title='bbox 240 1140 290 1174; x_wconf 80' lang='lat' dir='ltr'><strong><em>vett.</em></strong></span> <span class='ocrx_word' id='word_1_188' title='bbox 306 1139 391 1184; x_wconf 85' lang='lat' dir='ltr'><strong><em>praeter</em></strong></span> <span class='ocrx_word' id='word_1_189' title='bbox 405 1133 449 1172; x_wconf 87' lang='lat' dir='ltr'><strong><em>Ald.</em></strong></span> <span class='ocrx_word' id='word_1_190' title='bbox 461 1136 481 1172; x_wconf 89' lang='lat'><strong><em>2.</em></strong></span> <span class='ocrx_word' id='word_1_191' title='bbox 497 1145 565 1180; x_wconf 75' lang='lat' dir='ltr'><strong><em>artus,</em></strong></span> <span class='ocrx_word' id='word_1_192' title='bbox 580 1132 637 1183; x_wconf 87' lang='lat' dir='ltr'><strong><em>quod</em></strong></span> <span class='ocrx_word' id='word_1_193' title='bbox 647 1133 795 1186; x_wconf 81' lang='lat' dir='ltr'><strong><em>exantiquiori</em></strong></span> 
     </span>
     <span class='ocr_line' id='line_1_21' title="bbox 79 1184 676 1224; baseline -0.01 0"><span class='ocrx_word' id='word_1_194' title='bbox 79 1184 184 1224; x_wconf 85' lang='lat' dir='ltr'><strong><em>scribendi</em></strong></span> <span class='ocrx_word' id='word_1_195' title='bbox 195 1184 277 1223; x_wconf 82' lang='lat' dir='ltr'><strong><em>ratione</em></strong></span> <span class='ocrx_word' id='word_1_196' title='bbox 286 1197 344 1224; x_wconf 77' lang='lat' dir='ltr'><strong><em>artae</em></strong></span> <span class='ocrx_word' id='word_1_197' title='bbox 356 1191 427 1222; x_wconf 83' lang='lat' dir='ltr'><strong><em>ortum</em></strong></span> <span class='ocrx_word' id='word_1_198' title='bbox 437 1184 526 1222; x_wconf 87' lang='lat' dir='ltr'><strong><em>videtur.</em></strong></span> <span class='ocrx_word' id='word_1_199' title='bbox 653 1212 655 1215; x_wconf 68' lang='grc'>,</span> <span class='ocrx_word' id='word_1_200' title='bbox 674 1214 676 1218; x_wconf 73' lang='grc'>,</span> 
     </span>
    </p>

    <p class='ocr_par' dir='ltr' id='par_1_11' title="bbox 78 1235 794 1389">
     <span class='ocr_line' id='line_1_22' title="bbox 122 1235 794 1292; baseline -0.001 -16"><span class='ocrx_word' id='word_1_201' title='bbox 122 1239 175 1277; x_wconf 76' lang='grc'><strong>’810.</strong></span> <span class='ocrx_word' id='word_1_202' title='bbox 198 1238 293 1292; x_wconf 73' lang='lat' dir='ltr'><strong><em>parteis]</em></strong></span> <span class='ocrx_word' id='word_1_203' title='bbox 306 1236 367 1277; x_wconf 85' lang='lat' dir='ltr'><strong><em>Vind.</em></strong></span> <span class='ocrx_word' id='word_1_204' title='bbox 382 1239 442 1274; x_wconf 87' lang='lat' dir='ltr'><strong><em>Poor.</em></strong></span> <span class='ocrx_word' id='word_1_205' title='bbox 461 1238 520 1281; x_wconf 84' lang='lat' dir='ltr'><strong><em>Cant.</em></strong></span> <span class='ocrx_word' id='word_1_206' title='bbox 536 1241 557 1272; x_wconf 87' lang='lat' dir='ltr'><strong><em>et</em></strong></span> <span class='ocrx_word' id='word_1_207' title='bbox 566 1235 620 1273; x_wconf 82' lang='lat' dir='ltr'><strong><em>Brix.</em></strong></span> <span class='ocrx_word' id='word_1_208' title='bbox 630 1237 677 1276; x_wconf 84' lang='lat' dir='ltr'><strong><em>Ver.</em></strong></span> <span class='ocrx_word' id='word_1_209' title='bbox 687 1238 739 1277; x_wconf 73' lang='lat' dir='ltr'><strong><em>Ve&#39;n.</em></strong></span> <span class='ocrx_word' id='word_1_210' title='bbox 749 1237 794 1276; x_wconf 75' lang='grc' dir='ltr'><strong><em>ΑΜ.</em></strong></span> 
     </span>
     <span class='ocr_line' id='line_1_23' title="bbox 79 1287 794 1341; baseline -0.001 -14"><span class='ocrx_word' id='word_1_211' title='bbox 79 1288 97 1327; x_wconf 85' lang='grc'><strong><em>1.</em></strong></span> <span class='ocrx_word' id='word_1_212' title='bbox 111 1289 162 1325; x_wconf 70' lang='lat' dir='ltr'><strong><em>Bon·</em></strong></span> <span class='ocrx_word' id='word_1_213' title='bbox 174 1287 255 1341; x_wconf 70' lang='lat' dir='ltr'><strong><em>partus.</em></strong></span> <span class='ocrx_word' id='word_1_214' title='bbox 269 1309 294 1315; x_wconf 90' lang='lat'><em>-</em></span> <span class='ocrx_word' id='word_1_215' title='bbox 308 1292 344 1334; x_wconf 78' lang='lat' dir='ltr'><strong><em>ut]</em></strong></span> <span class='ocrx_word' id='word_1_216' title='bbox 359 1288 416 1325; x_wconf 88' lang='lat' dir='ltr'><strong><em>Bodl.</em></strong></span> <span class='ocrx_word' id='word_1_217' title='bbox 430 1287 478 1325; x_wconf 84' lang='lat' dir='ltr'><strong><em>Brit.</em></strong></span> <span class='ocrx_word' id='word_1_218' title='bbox 493 1289 510 1325; x_wconf 89' lang='lat'><strong><em>1.</em></strong></span> <span class='ocrx_word' id='word_1_219' title='bbox 519 1288 621 1335; x_wconf 82' lang='lat' dir='ltr'><strong><em>3.,Cant.‚</em></strong></span> <span class='ocrx_word' id='word_1_220' title='bbox 635 1288 720 1338; x_wconf 87' lang='lat' dir='ltr'><strong><em>eaedem</em></strong></span> <span class='ocrx_word' id='word_1_221' title='bbox 736 1289 794 1327; x_wconf 82' lang='lat' dir='ltr'><strong><em>editt.</em></strong></span> 
     </span>
     <span class='ocr_line' id='line_1_24' title="bbox 78 1338 794 1389; baseline 0.001 -13"><span class='ocrx_word' id='word_1_222' title='bbox 78 1344 100 1376; x_wconf 88' lang='lat' dir='ltr'><strong><em>et</em></strong></span> <span class='ocrx_word' id='word_1_223' title='bbox 113 1340 168 1378; x_wconf 86' lang='lat' dir='ltr'><strong><em>Iunt.</em></strong></span> <span class='ocrx_word' id='word_1_224' title='bbox 181 1351 212 1389; x_wconf 80' lang='lat' dir='ltr'><strong><em>et,</em></strong></span> <span class='ocrx_word' id='word_1_225' title='bbox 227 1338 272 1377; x_wconf 85' lang='lat' dir='ltr'><strong><em>Ald.</em></strong></span> <span class='ocrx_word' id='word_1_226' title='bbox 281 1341 301 1378; x_wconf 88' lang='lat'><strong><em>2.</em></strong></span> <span class='ocrx_word' id='word_1_227' title='bbox 315 1351 363 1388; x_wconf 59' lang='lat' dir='ltr'><strong><em>autj</em></strong></span> <span class='ocrx_word' id='word_1_228' title='bbox 376 1339 468 1381; x_wconf 83' lang='lat' dir='ltr'><strong><em>iuPoor.</em></strong></span> <span class='ocrx_word' id='word_1_229' title='bbox 477 1350 517 1376; x_wconf 85' lang='lat' dir='ltr'><strong><em>vox</em></strong></span> <span class='ocrx_word' id='word_1_230' title='bbox 526 1351 610 1388; x_wconf 86' lang='lat' dir='ltr'><strong><em>prorsus</em></strong></span> <span class='ocrx_word' id='word_1_231' title='bbox 621 1338 755 1378; x_wconf 85' lang='lat' dir='ltr'><strong><em>desideratur.</em></strong></span> <span class='ocrx_word' id='word_1_232' title='bbox 768 1362 794 1368; x_wconf 88' lang='lat'>-</span> 
     </span>
    </p>
   </div>
   <div class='ocr_carea' id='block_1_9' title="bbox 5 1380 795 1441">
    <p class='ocr_par' dir='ltr' id='par_1_12' title="bbox 5 1380 795 1441">
     <span class='ocr_line' id='line_1_25' title="bbox 5 1380 795 1441; baseline -0.001 -11"><span class='ocrx_word' id='word_1_233' title='bbox 5 1406 8 1411; x_wconf 68' lang='grc'><em>’</em></span> <span class='ocrx_word' id='word_1_234' title='bbox 77 1392 188 1441; x_wconf 79' lang='lat' dir='ltr'><strong><em>materiai]</em></strong></span> <span class='ocrx_word' id='word_1_235' title='bbox 203 1390 248 1428; x_wconf 82' lang='lat' dir='ltr'><strong><em>Ald.</em></strong></span> <span class='ocrx_word' id='word_1_236' title='bbox 257 1392 275 1430; x_wconf 88' lang='lat'><strong><em>1.</em></strong></span> <span class='ocrx_word' id='word_1_237' title='bbox 287 1392 337 1431; x_wconf 82' lang='lat' dir='ltr'><strong><em>Bon.</em></strong></span> <span class='ocrx_word' id='word_1_238' title='bbox 350 1393 452 1436; x_wconf 80' lang='lat' dir='ltr'><strong><em>materiei,</em></strong></span> <span class='ocrx_word' id='word_1_239' title='bbox 467 1380 645 1440; x_wconf 67' lang='lat' dir='ltr'><strong><em>Cantrnateriae,</em></strong></span> <span class='ocrx_word' id='word_1_240' title='bbox 658 1391 688 1428; x_wconf 90' lang='lat' dir='ltr'><strong><em>Pii</em></strong></span> <span class='ocrx_word' id='word_1_241' title='bbox 699 1391 762 1431; x_wconf 71' lang='lat' dir='ltr'><strong><em>codd,</em></strong></span> <span class='ocrx_word' id='word_1_242' title='bbox 774 1398 795 1429; x_wconf 89' lang='lat' dir='ltr'><strong><em>et</em></strong></span> 
     </span>
    </p>
   </div>
   <div class='ocr_carea' id='block_1_10' title="bbox 6 1437 835 2529">
    <p class='ocr_par' dir='ltr' id='par_1_13' title="bbox 6 1437 835 2529">
     <span class='ocr_line' id='line_1_26' title="bbox 77 1437 794 1492; baseline 0.003 -13"><span class='ocrx_word' id='word_1_243' title='bbox 77 1444 131 1479; x_wconf 88' lang='lat' dir='ltr'><strong><em>Iunt.</em></strong></span> <span class='ocrx_word' id='word_1_244' title='bbox 146 1437 243 1481; x_wconf 71' lang='lat' dir='ltr'><strong><em>material</em></strong></span> <span class='ocrx_word' id='word_1_245' title='bbox 259 1458 306 1486; x_wconf 71' lang='lat' dir='ltr'><strong><em>cen.¹</em></strong></span> <span class='ocrx_word' id='word_1_246' title='bbox 321 1455 386 1492; x_wconf 86' lang='lat' dir='ltr'><strong><em>quare</em></strong></span> <span class='ocrx_word' id='word_1_247' title='bbox 402 1442 463 1480; x_wconf 84' lang='lat' dir='ltr'><strong><em>Wak.</em></strong></span> <span class='ocrx_word' id='word_1_248' title='bbox 475 1441 529 1479; x_wconf 89' lang='lat' dir='ltr'><strong><em>coni.</em></strong></span> <span class='ocrx_word' id='word_1_249' title='bbox 539 1457 565 1479; x_wconf 83' lang='lat' dir='ltr'><strong><em>ea</em></strong></span> <span class='ocrx_word' id='word_1_250' title='bbox 576 1445 675 1481; x_wconf 79' lang='lat' dir='ltr'><strong><em>materiae</em></strong></span> <span class='ocrx_word' id='word_1_251' title='bbox 684 1459 726 1483; x_wconf 80' lang='lat' dir='ltr'><strong><em>ceu.</em></strong></span> <span class='ocrx_word' id='word_1_252' title='bbox 754 1443 794 1481; x_wconf 83' lang='lat' dir='ltr'><strong><em>Sed</em></strong></span> 
     </span>
     <span class='ocr_line' id='line_1_27' title="bbox 6 1492 768 1545; baseline -0.004 -15"><span class='ocrx_word' id='word_1_253' title='bbox 6 1535 9 1542; x_wconf 26' lang='lat'>(</span> <span class='ocrx_word' id='word_1_254' title='bbox 76 1492 136 1532; x_wconf 83' lang='lat' dir='ltr'><strong><em>locus</em></strong></span> <span class='ocrx_word' id='word_1_255' title='bbox 145 1494 257 1543; x_wconf 88' lang='lat' dir='ltr'><strong><em>parallelus</em></strong></span> <span class='ocrx_word' id='word_1_256' title='bbox 269 1495 292 1540; x_wconf 79' lang='lat' dir='ltr'><strong><em>V,</em></strong></span> <span class='ocrx_word' id='word_1_257' title='bbox 303 1495 347 1533; x_wconf 87' lang='lat'><strong><em>355.</em></strong></span> <span class='ocrx_word' id='word_1_258' title='bbox 362 1493 441 1545; x_wconf 86' lang='lat' dir='ltr'><strong><em>aliquid</em></strong></span> <span class='ocrx_word' id='word_1_259' title='bbox 451 1492 528 1531; x_wconf 83' lang='lat' dir='ltr'><strong><em>mutari</em></strong></span> <span class='ocrx_word' id='word_1_260' title='bbox 538 1498 600 1531; x_wconf 78' lang='lat' dir='ltr'><strong><em>vetar.</em></strong></span> <span class='ocrx_word' id='word_1_261' title='bbox 765 1518 768 1521; x_wconf 90' lang='lat'>-</span> 
     </span>
     <span class='ocr_line' id='line_1_28' title="bbox 58 1543 793 1599; baseline -0.003 -13"><span class='ocrx_word' id='word_1_262' title='bbox 58 1559 65 1571; x_wconf 60' lang='lat'><em>¹</em></span> <span class='ocrx_word' id='word_1_263' title='bbox 128 1545 172 1586; x_wconf 75' lang='lat'><strong><em>814·</em></strong></span> <span class='ocrx_word' id='word_1_264' title='bbox 194 1547 308 1599; x_wconf 78' lang='lat' dir='ltr'><strong><em>fungitur]</em></strong></span> <span class='ocrx_word' id='word_1_265' title='bbox 335 1544 396 1585; x_wconf 77' lang='lat' dir='ltr'><strong><em>Vind.</em></strong></span> <span class='ocrx_word' id='word_1_266' title='bbox 411 1545 459 1583; x_wconf 86' lang='lat' dir='ltr'><strong><em>Brit.</em></strong></span> <span class='ocrx_word' id='word_1_267' title='bbox 475 1547 494 1586; x_wconf 82' lang='lat'><strong><em>2.</em></strong></span> <span class='ocrx_word' id='word_1_268' title='bbox 512 1543 566 1583; x_wconf 78' lang='lat' dir='ltr'><strong><em>Brix.</em></strong></span> <span class='ocrx_word' id='word_1_269' title='bbox 581 1547 628 1584; x_wconf 86' lang='lat' dir='ltr'><strong><em>Ver.</em></strong></span> <span class='ocrx_word' id='word_1_270' title='bbox 642 1548 694 1584; x_wconf 86' lang='lat' dir='ltr'><strong><em>Ven.</em></strong></span> <span class='ocrx_word' id='word_1_271' title='bbox 711 1546 757 1584; x_wconf 79' lang='lat' dir='ltr'><strong><em>Ald.</em></strong></span> <span class='ocrx_word' id='word_1_272' title='bbox 774 1548 793 1587; x_wconf 86' lang='lat'><strong><em>1.</em></strong></span> 
     </span>
     <span class='ocr_line' id='line_1_29' title="bbox 75 1595 793 1650; baseline -0.004 -16"><span class='ocrx_word' id='word_1_273' title='bbox 75 1598 126 1636; x_wconf 77' lang='lat' dir='ltr'><strong><em>Bon.</em></strong></span> <span class='ocrx_word' id='word_1_274' title='bbox 137 1600 227 1650; x_wconf 70' lang='lat' dir='ltr'><strong><em>figitur,</em></strong></span> <span class='ocrx_word' id='word_1_275' title='bbox 240 1596 407 1647; x_wconf 73' lang='lat' dir='ltr'><strong><em>Bodi.fi71gitltr,</em></strong></span> <span class='ocrx_word' id='word_1_276' title='bbox 420 1598 483 1636; x_wconf 68' lang='lat' dir='ltr'><strong><em>POOY.</em></strong></span> <span class='ocrx_word' id='word_1_277' title='bbox 494 1598 548 1640; x_wconf 71' lang='lat' dir='ltr'><strong><em>lulli·</em></strong></span> <span class='ocrx_word' id='word_1_278' title='bbox 562 1601 582 1632; x_wconf 67' lang='grc' dir='ltr'><strong><em>Εἴ</em></strong></span> <span class='ocrx_word' id='word_1_279' title='bbox 592 1595 637 1632; x_wconf 74' lang='lat' dir='ltr'><strong><em>Ald.</em></strong></span> <span class='ocrx_word' id='word_1_280' title='bbox 646 1598 666 1636; x_wconf 71' lang='lat'><strong><em>2,</em></strong></span> <span class='ocrx_word' id='word_1_281' title='bbox 675 1595 793 1650; x_wconf 71' lang='lat' dir='ltr'><strong><em>frangitur.</em></strong></span> 
     </span>
     <span class='ocr_line' id='line_1_30' title="bbox 76 1646 793 1700; baseline 0.003 -15"><span class='ocrx_word' id='word_1_282' title='bbox 76 1648 117 1685; x_wconf 86' lang='lat' dir='ltr'><strong><em>Sed</em></strong></span> <span class='ocrx_word' id='word_1_283' title='bbox 125 1649 172 1686; x_wconf 85' lang='lat' dir='ltr'><strong><em>vide</em></strong></span> <span class='ocrx_word' id='word_1_284' title='bbox 182 1661 244 1699; x_wconf 87' lang='lat' dir='ltr'><strong><em>supra</em></strong></span> <span class='ocrx_word' id='word_1_285' title='bbox 255 1648 280 1684; x_wconf 84' lang='lat' dir='ltr'><strong><em>ad</em></strong></span> <span class='ocrx_word' id='word_1_286' title='bbox 290 1661 309 1685; x_wconf 90' lang='lat' dir='ltr'><strong><em>v.</em></strong></span> <span class='ocrx_word' id='word_1_287' title='bbox 317 1647 362 1688; x_wconf 82' lang='lat'><strong><em>734.</em></strong></span> <span class='ocrx_word' id='word_1_288' title='bbox 390 1651 464 1685; x_wconf 81' lang='lat' dir='ltr'><strong><em>Sensus</em></strong></span> <span class='ocrx_word' id='word_1_289' title='bbox 474 1653 516 1691; x_wconf 87' lang='lat' dir='ltr'><strong><em>est:</em></strong></span> <span class='ocrx_word' id='word_1_290' title='bbox 532 1646 605 1696; x_wconf 81' lang='lat' dir='ltr'><strong><em>„nihil</em></strong></span> <span class='ocrx_word' id='word_1_291' title='bbox 616 1648 695 1696; x_wconf 84' lang='lat' dir='ltr'><strong><em>patitur</em></strong></span> <span class='ocrx_word' id='word_1_292' title='bbox 703 1649 729 1687; x_wconf 75' lang='lat' dir='ltr'><strong><em>ab</em></strong></span> <span class='ocrx_word' id='word_1_293' title='bbox 740 1650 793 1700; x_wconf 81' lang='lat' dir='ltr'><strong><em>ictu,</em></strong></span> 
     </span>
     <span class='ocr_line' id='line_1_31' title="bbox 76 1697 798 1746; baseline -0.003 -9"><span class='ocrx_word' id='word_1_294' title='bbox 76 1700 129 1738; x_wconf 85' lang='lat' dir='ltr'><strong><em>ictui</em></strong></span> <span class='ocrx_word' id='word_1_295' title='bbox 139 1707 222 1738; x_wconf 85' lang='lat' dir='ltr'><strong><em>nonest</em></strong></span> <span class='ocrx_word' id='word_1_296' title='bbox 232 1699 359 1738; x_wconf 84' lang='lat' dir='ltr'><strong><em>obnoxius.“</em></strong></span> <span class='ocrx_word' id='word_1_297' title='bbox 385 1699 432 1745; x_wconf 78' lang='lat' dir='ltr'><strong><em>(Sic</em></strong></span> <span class='ocrx_word' id='word_1_298' title='bbox 443 1699 520 1737; x_wconf 86' lang='lat' dir='ltr'><strong><em>Eichst.</em></strong></span> <span class='ocrx_word' id='word_1_299' title='bbox 532 1700 555 1735; x_wconf 90' lang='lat' dir='ltr'><strong><em>in</em></strong></span> <span class='ocrx_word' id='word_1_300' title='bbox 566 1697 657 1746; x_wconf 88' lang='lat' dir='ltr'><strong><em>iudice.)</em></strong></span> <span class='ocrx_word' id='word_1_301' title='bbox 796 1738 798 1744; x_wconf 71' lang='lat'><strong><em>.</em></strong></span> 
     </span>
     <span class='ocr_line' id='line_1_32' title="bbox 129 1749 793 1802; baseline -0.002 -11"><span class='ocrx_word' id='word_1_302' title='bbox 129 1752 173 1791; x_wconf 83' lang='lat'><strong><em>815.</em></strong></span> <span class='ocrx_word' id='word_1_303' title='bbox 201 1754 260 1797; x_wconf 84' lang='lat' dir='ltr'><strong><em>ideo]</em></strong></span> <span class='ocrx_word' id='word_1_304' title='bbox 275 1751 358 1788; x_wconf 85' lang='lat' dir='ltr'><strong><em>Retinui</em></strong></span> <span class='ocrx_word' id='word_1_305' title='bbox 370 1749 617 1802; x_wconf 83' lang='lat' dir='ltr'><strong><em>vulgaremlectionem,</em></strong></span> <span class='ocrx_word' id='word_1_306' title='bbox 632 1763 695 1801; x_wconf 84' lang='lat' dir='ltr'><strong><em>quam</em></strong></span> <span class='ocrx_word' id='word_1_307' title='bbox 708 1757 793 1790; x_wconf 83' lang='lat' dir='ltr'><strong><em>tuentur</em></strong></span> 
     </span>
     <span class='ocr_line' id='line_1_33' title="bbox 46 1802 793 1855; baseline 0.003 -16"><span class='ocrx_word' id='word_1_308' title='bbox 46 1814 53 1822; x_wconf 91' lang='lat'><strong>·</strong></span> <span class='ocrx_word' id='word_1_309' title='bbox 76 1802 137 1841; x_wconf 90' lang='lat' dir='ltr'><strong><em>Bodl.</em></strong></span> <span class='ocrx_word' id='word_1_310' title='bbox 148 1803 197 1844; x_wconf 79' lang='lat' dir='ltr'><strong><em>Brit.</em></strong></span> <span class='ocrx_word' id='word_1_311' title='bbox 209 1805 227 1842; x_wconf 91' lang='lat'><strong><em>1.</em></strong></span> <span class='ocrx_word' id='word_1_312' title='bbox 239 1803 299 1840; x_wconf 85' lang='lat' dir='ltr'><strong><em>Cant.</em></strong></span> <span class='ocrx_word' id='word_1_313' title='bbox 309 1802 353 1841; x_wconf 87' lang='lat' dir='ltr'><strong><em>Ald.</em></strong></span> <span class='ocrx_word' id='word_1_314' title='bbox 365 1803 382 1840; x_wconf 87' lang='lat'><strong><em>1.</em></strong></span> <span class='ocrx_word' id='word_1_315' title='bbox 393 1804 412 1841; x_wconf 91' lang='lat'><strong><em>2.</em></strong></span> <span class='ocrx_word' id='word_1_316' title='bbox 423 1806 472 1840; x_wconf 86' lang='lat' dir='ltr'><strong><em>Bon.</em></strong></span> <span class='ocrx_word' id='word_1_317' title='bbox 484 1805 549 1847; x_wconf 73' lang='lat' dir='ltr'><strong><em>lunt,</em></strong></span> <span class='ocrx_word' id='word_1_318' title='bbox 561 1808 581 1838; x_wconf 90' lang='lat' dir='ltr'><strong><em>et</em></strong></span> <span class='ocrx_word' id='word_1_319' title='bbox 593 1803 731 1853; x_wconf 82' lang='lat' dir='ltr'><strong><em>comprobant</em></strong></span> <span class='ocrx_word' id='word_1_320' title='bbox 741 1816 793 1855; x_wconf 83' lang='lat' dir='ltr'><strong><em>quo-</em></strong></span> 
     </span>
     <span class='ocr_line' id='line_1_34' title="bbox 61 1853 793 1900; baseline 0.004 -10"><span class='ocrx_word' id='word_1_321' title='bbox 61 1853 190 1893; x_wconf 72' lang='lat' dir='ltr'><strong><em>&#39;dammodo</em></strong></span> <span class='ocrx_word' id='word_1_322' title='bbox 208 1854 268 1894; x_wconf 85' lang='lat' dir='ltr'><strong><em>Vind.</em></strong></span> <span class='ocrx_word' id='word_1_323' title='bbox 285 1856 345 1894; x_wconf 84' lang='lat' dir='ltr'><strong><em>Poor.</em></strong></span> <span class='ocrx_word' id='word_1_324' title='bbox 359 1853 408 1893; x_wconf 69' lang='lat' dir='ltr'><strong><em>Brit.</em></strong></span> <span class='ocrx_word' id='word_1_325' title='bbox 421 1857 439 1894; x_wconf 94' lang='lat'><strong><em>2.</em></strong></span> <span class='ocrx_word' id='word_1_326' title='bbox 454 1856 473 1895; x_wconf 85' lang='lat'><strong><em>3.</em></strong></span> <span class='ocrx_word' id='word_1_327' title='bbox 497 1860 526 1891; x_wconf 86' lang='lat' dir='ltr'><strong><em>et</em></strong></span> <span class='ocrx_word' id='word_1_328' title='bbox 539 1854 596 1891; x_wconf 64' lang='lat' dir='ltr'><strong><em>erin,</em></strong></span> <span class='ocrx_word' id='word_1_329' title='bbox 608 1856 655 1900; x_wconf 81' lang='lat' dir='ltr'><strong><em>Ver.</em></strong></span> <span class='ocrx_word' id='word_1_330' title='bbox 670 1856 730 1899; x_wconf 55' lang='lat' dir='ltr'><strong><em>Vena</em></strong></span> <span class='ocrx_word' id='word_1_331' title='bbox 742 1855 793 1893; x_wconf 87' lang='lat' dir='ltr'><strong><em>scri-</em></strong></span> 
     </span>
     <span class='ocr_line' id='line_1_35' title="bbox 74 1905 792 1959; baseline 0.004 -16"><span class='ocrx_word' id='word_1_332' title='bbox 74 1913 136 1956; x_wconf 82' lang='lat' dir='ltr'><strong><em>ptura</em></strong></span> <span class='ocrx_word' id='word_1_333' title='bbox 152 1920 188 1944; x_wconf 86' lang='lat' dir='ltr'><strong><em>sua</em></strong></span> <span class='ocrx_word' id='word_1_334' title='bbox 201 1910 272 1959; x_wconf 77' lang='lat' dir='ltr'><strong><em>igitur.</em></strong></span> <span class='ocrx_word' id='word_1_335' title='bbox 291 1906 352 1947; x_wconf 81' lang='lat' dir='ltr'><strong><em>Wak.</em></strong></span> <span class='ocrx_word' id='word_1_336' title='bbox 368 1907 401 1955; x_wconf 88' lang='lat' dir='ltr'><strong><em>(et</em></strong></span> <span class='ocrx_word' id='word_1_337' title='bbox 410 1907 502 1954; x_wconf 82' lang='lat' dir='ltr'><strong><em>Eichst.)</em></strong></span> <span class='ocrx_word' id='word_1_338' title='bbox 517 1918 528 1942; x_wconf 91' lang='lat' dir='ltr'><strong><em>e</em></strong></span> <span class='ocrx_word' id='word_1_339' title='bbox 539 1905 604 1956; x_wconf 79' lang='lat' dir='ltr'><strong><em>Lugd.</em></strong></span> <span class='ocrx_word' id='word_1_340' title='bbox 614 1908 631 1945; x_wconf 90' lang='lat'><strong><em>1.</em></strong></span> <span class='ocrx_word' id='word_1_341' title='bbox 642 1907 662 1945; x_wconf 93' lang='lat'><strong><em>2.</em></strong></span> <span class='ocrx_word' id='word_1_342' title='bbox 668 1907 753 1957; x_wconf 36' lang='lat' dir='ltr'><strong><em>,recepit</em></strong></span> <span class='ocrx_word' id='word_1_343' title='bbox 762 1918 792 1946; x_wconf 82' lang='lat' dir='ltr'><strong><em>et-</em></strong></span> 
     </span>
     <span class='ocr_line' id='line_1_36' title="bbox 75 1957 793 2011; baseline 0 -14"><span class='ocrx_word' id='word_1_344' title='bbox 75 1961 127 2005; x_wconf 72' lang='lat' dir='ltr'><strong><em>iam,</em></strong></span> <span class='ocrx_word' id='word_1_345' title='bbox 143 1959 201 2011; x_wconf 81' lang='lat' dir='ltr'><strong><em>quod</em></strong></span> <span class='ocrx_word' id='word_1_346' title='bbox 210 1958 346 2006; x_wconf 69' lang='lat' dir='ltr'><strong><em>nonninus,</em></strong></span> <span class='ocrx_word' id='word_1_347' title='bbox 360 1971 423 2008; x_wconf 84' lang='lat' dir='ltr'><strong><em>quam</em></strong></span> <span class='ocrx_word' id='word_1_348' title='bbox 434 1958 486 1995; x_wconf 88' lang='lat' dir='ltr'><strong><em>illud</em></strong></span> <span class='ocrx_word' id='word_1_349' title='bbox 497 1960 574 2009; x_wconf 75' lang='lat' dir='ltr'><strong><em>igitur,</em></strong></span> <span class='ocrx_word' id='word_1_350' title='bbox 584 1957 693 2005; x_wconf 62' lang='lat' dir='ltr'><strong><em>,correctio</em></strong></span> <span class='ocrx_word' id='word_1_351' title='bbox 704 1959 793 1997; x_wconf 75' lang='lat' dir='ltr'><strong><em>videtur</em></strong></span> 
     </span>
     <span class='ocr_line' id='line_1_37' title="bbox 58 2009 791 2060; baseline 0.004 -15"><span class='ocrx_word' id='word_1_352' title='bbox 58 2009 214 2054; x_wconf 73' lang='lat' dir='ltr'><strong><em>‘delicatorum</em></strong></span> <span class='ocrx_word' id='word_1_353' title='bbox 230 2010 351 2058; x_wconf 86' lang='lat' dir='ltr'><strong><em>homiuum,</em></strong></span> <span class='ocrx_word' id='word_1_354' title='bbox 365 2010 401 2060; x_wconf 82' lang='lat' dir='ltr'><strong><em>qui</em></strong></span> <span class='ocrx_word' id='word_1_355' title='bbox 416 2010 480 2048; x_wconf 80' lang='lat' dir='ltr'><strong><em>verba</em></strong></span> <span class='ocrx_word' id='word_1_356' title='bbox 491 2016 533 2048; x_wconf 76' lang='lat' dir='ltr'><strong><em>Aut</em></strong></span> <span class='ocrx_word' id='word_1_357' title='bbox 544 2011 588 2047; x_wconf 81' lang='lat' dir='ltr'><strong><em>ideo</em></strong></span> <span class='ocrx_word' id='word_1_358' title='bbox 601 2009 672 2047; x_wconf 82' lang='lat' dir='ltr'><strong><em>statim</em></strong></span> <span class='ocrx_word' id='word_1_359' title='bbox 682 2022 791 2048; x_wconf 83' lang='lat' dir='ltr'><strong><em>recurren-</em></strong></span> 
     </span>
     <span class='ocr_line' id='line_1_38' title="bbox 74 2061 811 2111; baseline -0.007 -13"><span class='ocrx_word' id='word_1_360' title='bbox 74 2061 105 2099; x_wconf 82' lang='lat' dir='ltr'><strong><em>tia</em></strong></span> <span class='ocrx_word' id='word_1_361' title='bbox 119 2062 171 2110; x_wconf 88' lang='lat' dir='ltr'><strong><em>(vid.</em></strong></span> <span class='ocrx_word' id='word_1_362' title='bbox 183 2076 202 2103; x_wconf 86' lang='lat' dir='ltr'><strong><em>v.</em></strong></span> <span class='ocrx_word' id='word_1_363' title='bbox 214 2064 272 2109; x_wconf 78' lang='lat'><strong><em>812.)</em></strong></span> <span class='ocrx_word' id='word_1_364' title='bbox 287 2074 419 2111; x_wconf 83' lang='lat' dir='ltr'><strong><em>concoquere</em></strong></span> <span class='ocrx_word' id='word_1_365' title='bbox 430 2075 473 2106; x_wconf 83' lang='lat' dir='ltr'><strong><em>non</em></strong></span> <span class='ocrx_word' id='word_1_366' title='bbox 484 2065 575 2110; x_wconf 84' lang='lat' dir='ltr'><strong><em>possent.</em></strong></span> <span class='ocrx_word' id='word_1_367' title='bbox 806 2074 811 2078; x_wconf 34' lang='lat' dir='ltr'><strong><em>v*</em></strong></span> 
     </span>
     <span class='ocr_line' id='line_1_39' title="bbox 128 2110 832 2163; baseline -0.004 -9"><span class='ocrx_word' id='word_1_368' title='bbox 128 2116 172 2154; x_wconf 83' lang='lat'><strong><em>817.</em></strong></span> <span class='ocrx_word' id='word_1_369' title='bbox 199 2117 265 2153; x_wconf 82' lang='lat' dir='ltr'><strong><em>Sicuti</em></strong></span> <span class='ocrx_word' id='word_1_370' title='bbox 278 2114 338 2153; x_wconf 84' lang='lat' dir='ltr'><strong><em>Wak.</em></strong></span> <span class='ocrx_word' id='word_1_371' title='bbox 358 2113 422 2150; x_wconf 82' lang='lat' dir='ltr'><strong><em>edidit</em></strong></span> <span class='ocrx_word' id='word_1_372' title='bbox 440 2110 529 2161; x_wconf 83' lang='lat' dir='ltr'><strong><em>eLugd.</em></strong></span> <span class='ocrx_word' id='word_1_373' title='bbox 541 2112 559 2149; x_wconf 90' lang='lat'><strong><em>1.</em></strong></span> <span class='ocrx_word' id='word_1_374' title='bbox 570 2112 589 2149; x_wconf 91' lang='lat'><strong><em>2.</em></strong></span> <span class='ocrx_word' id='word_1_375' title='bbox 600 2112 657 2151; x_wconf 85' lang='lat' dir='ltr'><strong><em>Bodl.</em></strong></span> <span class='ocrx_word' id='word_1_376' title='bbox 670 2113 732 2152; x_wconf 83' lang='lat' dir='ltr'><strong><em>Poor.</em></strong></span> <span class='ocrx_word' id='word_1_377' title='bbox 741 2112 791 2152; x_wconf 85' lang='lat' dir='ltr'><strong><em>Brit.</em></strong></span> <span class='ocrx_word' id='word_1_378' title='bbox 829 2157 832 2163; x_wconf 25' lang='lat'><strong>¹</strong></span> 
     </span>
     <span class='ocr_line' id='line_1_40' title="bbox 76 2162 835 2215; baseline 0.001 -11"><span class='ocrx_word' id='word_1_379' title='bbox 76 2164 95 2204; x_wconf 80' lang='grc'><strong><em>1.</em></strong></span> <span class='ocrx_word' id='word_1_380' title='bbox 104 2166 124 2204; x_wconf 83' lang='lat'><strong><em>3.</em></strong></span> <span class='ocrx_word' id='word_1_381' title='bbox 134 2173 155 2202; x_wconf 87' lang='lat' dir='ltr'><strong><em>et</em></strong></span> <span class='ocrx_word' id='word_1_382' title='bbox 166 2167 261 2204; x_wconf 86' lang='lat' dir='ltr'><strong><em>omnihus</em></strong></span> <span class='ocrx_word' id='word_1_383' title='bbox 273 2166 330 2207; x_wconf 84' lang='lat' dir='ltr'><strong><em>editt.</em></strong></span> <span class='ocrx_word' id='word_1_384' title='bbox 340 2171 389 2204; x_wconf 86' lang='lat' dir='ltr'><strong><em>vett.</em></strong></span> <span class='ocrx_word' id='word_1_385' title='bbox 400 2171 485 2215; x_wconf 83' lang='lat' dir='ltr'><strong><em>praeter</em></strong></span> <span class='ocrx_word' id='word_1_386' title='bbox 498 2162 542 2207; x_wconf 85' lang='lat' dir='ltr'><strong><em>Ald.</em></strong></span> <span class='ocrx_word' id='word_1_387' title='bbox 555 2164 587 2209; x_wconf 86' lang='lat'><strong><em>2.;</em></strong></span> <span class='ocrx_word' id='word_1_388' title='bbox 600 2164 662 2215; x_wconf 85' lang='lat' dir='ltr'><strong><em>vulgo</em></strong></span> <span class='ocrx_word' id='word_1_389' title='bbox 675 2168 740 2204; x_wconf 79' lang='lat' dir='ltr'><strong><em>Sicut.</em></strong></span> <span class='ocrx_word' id='word_1_390' title='bbox 833 2164 835 2166; x_wconf 40' lang='lat'><em>&#39;</em></span> 
     </span>
     <span class='ocr_line' id='line_1_41' title="bbox 128 2212 797 2268; baseline 0.003 -15"><span class='ocrx_word' id='word_1_391' title='bbox 128 2218 172 2257; x_wconf 87' lang='lat' dir='ltr'><strong><em>Vss.</em></strong></span> <span class='ocrx_word' id='word_1_392' title='bbox 183 2220 221 2258; x_wconf 89' lang='lat'><strong><em>820</em></strong></span> <span class='ocrx_word' id='word_1_393' title='bbox 227 2239 251 2246; x_wconf 39' lang='grc' dir='ltr'><strong><em>ν-</em></strong></span> <span class='ocrx_word' id='word_1_394' title='bbox 258 2219 303 2257; x_wconf 78' lang='lat'><strong><em>829.</em></strong></span> <span class='ocrx_word' id='word_1_395' title='bbox 324 2218 347 2254; x_wconf 87' lang='lat' dir='ltr'><strong><em>in</em></strong></span> <span class='ocrx_word' id='word_1_396' title='bbox 356 2217 452 2268; x_wconf 70' lang='lat' dir='ltr'><strong><em>omuibus</em></strong></span> <span class='ocrx_word' id='word_1_397' title='bbox 461 2213 520 2253; x_wconf 86' lang='lat' dir='ltr'><strong><em>libris</em></strong></span> <span class='ocrx_word' id='word_1_398' title='bbox 526 2213 610 2264; x_wconf 81' lang='lat' dir='ltr'><strong><em>desunt,</em></strong></span> <span class='ocrx_word' id='word_1_399' title='bbox 625 2212 714 2266; x_wconf 80' lang='lat' dir='ltr'><strong><em>exceptis</em></strong></span> <span class='ocrx_word' id='word_1_400' title='bbox 725 2216 797 2268; x_wconf 59' lang='lat' dir='ltr'><strong><em>Lugd.</em></strong></span> 
     </span>
     <span class='ocr_line' id='line_1_42' title="bbox 75 2266 792 2319; baseline 0.001 -13"><span class='ocrx_word' id='word_1_401' title='bbox 75 2266 94 2306; x_wconf 83' lang='lat'><strong><em>1·</em></strong></span> <span class='ocrx_word' id='word_1_402' title='bbox 105 2269 124 2307; x_wconf 92' lang='lat'><strong><em>2.</em></strong></span> <span class='ocrx_word' id='word_1_403' title='bbox 137 2268 230 2310; x_wconf 66' lang='lat' dir='ltr'><strong><em>elate.</em></strong></span> <span class='ocrx_word' id='word_1_404' title='bbox 239 2271 289 2308; x_wconf 88' lang='lat' dir='ltr'><strong><em>Bon.</em></strong></span> <span class='ocrx_word' id='word_1_405' title='bbox 302 2275 322 2306; x_wconf 87' lang='lat' dir='ltr'><strong><em>et</em></strong></span> <span class='ocrx_word' id='word_1_406' title='bbox 332 2270 386 2306; x_wconf 89' lang='lat' dir='ltr'><strong><em>Iunt.</em></strong></span> <span class='ocrx_word' id='word_1_407' title='bbox 406 2268 510 2317; x_wconf 79' lang='lat' dir='ltr'><strong><em>„Scribae</em></strong></span> <span class='ocrx_word' id='word_1_408' title='bbox 519 2266 600 2305; x_wconf 84' lang='lat' dir='ltr'><strong><em>scilicet</em></strong></span> <span class='ocrx_word' id='word_1_409' title='bbox 609 2267 715 2306; x_wconf 83' lang='lat' dir='ltr'><strong><em>delicatuli</em></strong></span> <span class='ocrx_word' id='word_1_410' title='bbox 729 2270 792 2319; x_wconf 88' lang='lat' dir='ltr'><strong><em>(Wa-</em></strong></span> 
     </span>
     <span class='ocr_line' id='line_1_43' title="bbox 74 2318 791 2370; baseline 0.003 -15"><span class='ocrx_word' id='word_1_411' title='bbox 74 2318 160 2357; x_wconf 85' lang='lat' dir='ltr'><strong><em>kefieldi</em></strong></span> <span class='ocrx_word' id='word_1_412' title='bbox 172 2328 219 2358; x_wconf 88' lang='lat' dir='ltr'><strong><em>sunt</em></strong></span> <span class='ocrx_word' id='word_1_413' title='bbox 232 2321 310 2370; x_wconf 83' lang='lat' dir='ltr'><strong><em>verba)</em></strong></span> <span class='ocrx_word' id='word_1_414' title='bbox 324 2334 366 2358; x_wconf 87' lang='lat' dir='ltr'><strong><em>non</em></strong></span> <span class='ocrx_word' id='word_1_415' title='bbox 378 2320 475 2358; x_wconf 85' lang='lat' dir='ltr'><strong><em>ferebant</em></strong></span> <span class='ocrx_word' id='word_1_416' title='bbox 486 2319 608 2356; x_wconf 85' lang='lat' dir='ltr'><strong><em>Lucretium</em></strong></span> <span class='ocrx_word' id='word_1_417' title='bbox 619 2318 687 2370; x_wconf 80' lang='lat' dir='ltr'><strong><em>capita</em></strong></span> <span class='ocrx_word' id='word_1_418' title='bbox 696 2321 791 2370; x_wconf 86' lang='lat' dir='ltr'><strong><em>priorum</em></strong></span> 
     </span>
     <span class='ocr_line' id='line_1_44' title="bbox 73 2372 688 2424; baseline -0.002 -14"><span class='ocrx_word' id='word_1_419' title='bbox 73 2379 246 2424; x_wconf 81' lang='lat' dir='ltr'><strong><em>argumentorum</em></strong></span> <span class='ocrx_word' id='word_1_420' title='bbox 254 2372 284 2409; x_wconf 88' lang='lat' dir='ltr'><strong><em>sic</em></strong></span> <span class='ocrx_word' id='word_1_421' title='bbox 295 2374 415 2410; x_wconf 81' lang='lat' dir='ltr'><strong><em>summatim</em></strong></span> <span class='ocrx_word' id='word_1_422' title='bbox 425 2372 493 2409; x_wconf 87' lang='lat' dir='ltr'><strong><em>denuo</em></strong></span> <span class='ocrx_word' id='word_1_423' title='bbox 504 2373 688 2420; x_wconf 57' lang='lat' dir='ltr'><strong><em>percurrentem?</em></strong></span> 
     </span>
     <span class='ocr_line' id='line_1_45' title="bbox 126 2423 790 2478; baseline -0.006 -14"><span class='ocrx_word' id='word_1_424' title='bbox 126 2426 178 2468; x_wconf 73' lang='lat'><strong><em>828.</em></strong></span> <span class='ocrx_word' id='word_1_425' title='bbox 195 2427 278 2478; x_wconf 80' lang='lat' dir='ltr'><strong><em>perire]</em></strong></span> <span class='ocrx_word' id='word_1_426' title='bbox 292 2424 336 2463; x_wconf 74' lang='lat' dir='ltr'><strong><em>ald.</em></strong></span> <span class='ocrx_word' id='word_1_427' title='bbox 348 2427 366 2463; x_wconf 86' lang='lat'><strong><em>1.</em></strong></span> <span class='ocrx_word' id='word_1_428' title='bbox 383 2431 403 2462; x_wconf 88' lang='lat' dir='ltr'><strong><em>et</em></strong></span> <span class='ocrx_word' id='word_1_429' title='bbox 418 2427 468 2463; x_wconf 89' lang='lat' dir='ltr'><strong><em>Bon.</em></strong></span> <span class='ocrx_word' id='word_1_430' title='bbox 483 2427 559 2471; x_wconf 78' lang='lat' dir='ltr'><strong><em>teneri,</em></strong></span> <span class='ocrx_word' id='word_1_431' title='bbox 575 2424 632 2474; x_wconf 85' lang='lat' dir='ltr'><strong><em>quod</em></strong></span> <span class='ocrx_word' id='word_1_432' title='bbox 646 2424 707 2462; x_wconf 83' lang='lat' dir='ltr'><strong><em>Wak.</em></strong></span> <span class='ocrx_word' id='word_1_433' title='bbox 724 2423 790 2472; x_wconf 87' lang='lat' dir='ltr'><strong><em>malit,</em></strong></span> 
     </span>
     <span class='ocr_line' id='line_1_46' title="bbox 74 2475 806 2529; baseline 0.003 -16"><span class='ocrx_word' id='word_1_434' title='bbox 74 2488 118 2526; x_wconf 85' lang='lat' dir='ltr'><strong><em>„ne</em></strong></span> <span class='ocrx_word' id='word_1_435' title='bbox 131 2489 219 2529; x_wconf 85' lang='lat' dir='ltr'><strong><em>sequens</em></strong></span> <span class='ocrx_word' id='word_1_436' title='bbox 233 2475 339 2514; x_wconf 86' lang='lat' dir='ltr'><strong><em>conclusio</em></strong></span> <span class='ocrx_word' id='word_1_437' title='bbox 353 2476 416 2515; x_wconf 84' lang='lat' dir='ltr'><strong><em>nimis</em></strong></span> <span class='ocrx_word' id='word_1_438' title='bbox 432 2482 587 2527; x_wconf 83' lang='lat' dir='ltr'><strong><em>praeoccupata</em></strong></span> <span class='ocrx_word' id='word_1_439' title='bbox 602 2476 702 2515; x_wconf 87' lang='lat' dir='ltr'><strong><em>videatur.</em></strong></span> <span class='ocrx_word' id='word_1_440' title='bbox 710 2478 727 2498; x_wconf 84' lang='lat'><strong><em>“-</em></strong></span> <span class='ocrx_word' id='word_1_441' title='bbox 743 2477 806 2515; x_wconf 82' lang='lat' dir='ltr'><strong><em>Non-</em></strong></span> 
     </span>
    </p>
   </div>
   <div class='ocr_carea' id='block_1_11' title="bbox 0 0 850 2654">
    <p class='ocr_par' dir='ltr' id='par_1_14' title="bbox 0 0 850 2654">
     <span class='ocr_line' id='line_1_47' title="bbox 0 0 850 2654; baseline 0 1"><span class='ocrx_word' id='word_1_442' title='bbox 0 0 850 2654; x_wconf 95' lang='lat' dir='ltr'><strong><em> </em></strong></span> 
     </span>
    </p>
   </div>
  </div>
 </body>
</html>
