1690 2654
90 76 147 150 'srt
317 101 598 146 rnuourmoras

150 215 195 254 396.
221 213 350 266 dispargitur
362 212 398 252 hie
411 212 497 264 quidem
507 226 556 252 curn
566 213 628 255 Wak.
637 211 742 252 edendnm
754 220 819 264 puta-

99 266 130 313 vi,
145 277 209 315 quum
219 263 272 302 haec
281 264 385 317 scriptura
395 266 475 304 nitatur
485 266 605 317 Lugd.1.2.
621 267 684 304 Poor.
693 266 742 303 Brit.
750 266 818 305 1.2.3.

98 323 131 365 et,
146 317 163 353 si
176 316 232 362 lunt.
244 322 265 354 et
274 317 320 358 ntd.
330 320 350 357 2.
365 319 481 369 exceperis,
496 318 592 356 omnium
606 323 657 358 vett.
671 317 729 356 editt.
742 323 819 356 aucto-

96 368 170 414 ritate3
185 368 248 420 vulgo
261 371 393 423 dispergitur.
408 392 430 400 -
445 375 545 423 quasque]
559 370 589 408 sic
600 381 673 409 omnes
683 375 818 421 quotcunque

95 419 146 457 libri
159 426 244 470 praeter
259 420 322 466 duos,
338 434 403 473 quare
417 421 510 461 dubitavi
525 429 570 460 tam
585 423 674 473 probam
684 426 705 459 et
714 420 819 458 munitam

95 471 211 510 lectionem
222 486 233 512 e
243 473 293 510 solis
303 473 369 526 Lugd.
381 476 399 514 1.
408 476 428 515 2,
439 487 489 512 cum
499 474 563 513 Walr.v
575 476 610 520 (et
620 473 707 522 Eichst.)
722 472 745 510 in
759 475 818 526 quis-

96 539 136 578 que
150 531 245 563 mutare:
267 525 324 564 Nolo
340 533 422 574 tamen,
436 526 528 565 lectores
542 525 668 566 Wakefieldi
683 526 818 563 annotatione

97 588 184 627 carere,
209 589 264 628 quae
285 577 316 615 sic
333 590 355 615 se
374 578 448 616 habet:
481 581 595 632 „quicqum
619 579 649 616 sie
673 576 740 629 Iiugd.
759 581 778 618 1.
797 577 817 616 2.

97 628 191 680 optime!
204 628 358 667 venustissime!
373 630 541 681 exquisitissime!
545 636 580 667 'ac
590 630 654 680 longe
665 628 771 680 longeque
781 641 819 666 su-

96 693 137 731 pra
146 687 233 730 captum
242 680 385 721 librariorum.
398 701 425 711 -
437 701 464 710 -
475 682 522 718 Iam
538 694 588 719 vero
602 685 687 734 quisque
698 683 745 726 air,
759 679 818 730 quasi

97 734 157 773 multi
173 731 252 770 fuerint
267 735 334 780 ab'res,
348 732 417 770 multa
430 731 537 770 foramina
551 739 690 783 penetrantes.
716 730 772 770 Nihil
781 743 818 770 re-

97 784 158 821 ctius.
186 787 274 820 Omnem
287 784 453 832 dubitationem,
467 784 484 821 si
496 796 550 834 quae
561 784 662 834 supersit,
675 784 714 821 tibi
724 783 786 821 tollet
797 796 817 820 v,

96 837 142 874 292.
155 835 242 872 huiusce
256 834 313 873 lihri.
326 836 363 885 (l)
390 835 540 883 Vitruv.1,1.:
553 857 597 882 ‚,—-
610 858 636 865 -
650 842 671 872 et
686 839 744 874 adres
757 835 818 872 loco-

96 899 157 935 rum,
172 887 208 937 qui
225 893 273 924 sunt
284 887 440 933 salubres,'aut
448 886 597 939 pestilentes.“
624 886 702 926 Graeci
710 885 817 925 similiter:

97 938 129 976 uti
139 951 200 990 geop.
211 940 291 990 scriptt.
304 943 328 986 V,
339 941 369 988 17,
382 940 401 979 7.
414 941 450 984 IX,
462 940 482 989 5,
495 940 514 979 7.
526 945 548 977 et
559 937 602 978 alii.
608 939 622 959 “

150 992 195 1030 897.
222 991 257 1029 lile
273 991 334 1031 Wak.
349 990 442 1029 restituit
455 1004 480 1029 ex
493 990 590 1029 omnibus
605 990 669 1030 oodd.
679 996 700 1028 et
711 989 770 1029 editt.
782 1001 818 1028 ve·

96 1040 201 1089 terrimi53
215 1042 279 1093 vulgo
289 1045 346 1087 linc,
359 1050 384 1081 ut
391 1042 438 1082 Ald.
450 1045 468 1083 1.
477 1045 497 1083 2.
508 1046 558 1082 Bon.
569 1045 624 1081 tunt.
668 1077 671 1080 ,

150 1095 195 1134 898.
224 1094 311 1147 Corpus]
325 1094 355 1133 sic
370 1094 433 1137 Wak.
447 1107 496 1133 oum
511 1094 572 1133 Bodl.
586 1094 639 1134 urir.
650 1092 696 1133 ald.
708 1093 727 1133 1.
734 1093 754 1134 2.
767 1094 817 1132 Bon.

98 1147 153 1184 Iunt.
162 1158 201 1197 pro
211 1146 293 1198 vulgari
303 1151 402 1201 Corporis.
415 1167 441 1177 -
455 1158 478 1186 ut
492 1162 516 1187 ac
531 1145 594 1185 lectio
606 1152 636 1183 est
646 1145 741 1183 omnium
752 1145 818 1183 libro-

98 1210 160 1243 rum,
179 1205 263 1248 praeter
278 1198 331 1236 Brix.
348 1202 397 1238 ter.
411 1201 476 1248 Vem,
496 1211 549 1249 quae
564 1198 607 1236 levi
622 1197 722 1236 varietate
739 1208 761 1236 ut
778 1199 818 1235 lico

97 1249 211 1300 praebent,
225 1256 246 1287 et
263 1251 331 1297 Cant,
344 1250 382 1288 ubi
399 1265 425 1289 ac
441 1249 581 1295 desideratum
595 1261 660 1301 quare
674 1248 735 1287 Wak.
744 1247 819 1299 vulga-

97 1313 145 1338 rem
155 1300 269 1338 lectionem
287 1305 330 1350 uti,
344 1314 377 1349 ut,
391 1301 450 1340 nullo
460 1302 515 1340 libro
528 1302 648 1349 firmatam,
664 1299 709 1338 iure
721 1299 818 1339 correxit.

98 1352 169 1391 Gifan.
180 1351 234 1390 coni.
246 1364 268 1391 nt
278 1355 338 1399 tuae,
351 1366 428 1404 parum
438 1353 536 1392 feliciter.
549 1374 574 1382 -
587 1355 639 1392 celis
648 1363 748 1405 ventoque
756 1351 817 1390 Wak.

70 1447 72 1450 ,
97 1417 137 1456 per
149 1402 172 1445 ἓν
183 1402 220 1445 did
229 1406 290 1445 δυοῖν
300 1418 339 1456 pro
349 1405 400 1443 velis
408 1405 506 1452 ventosis,
519 1406 553 1443 vel
562 1411 625 1443 vento
634 1403 717 1453 inflatis,
727 1403 773 1442 vult
782 1410 818 1440 ac-

97 1462 195 1507 ceptum,
210 1462 231 1495 et
240 1463 312 1496 tamen
322 1457 467 1500 coniecturam
474 1457 573 1508 proponit
582 1458 643 1496 undis
651 1467 760 1511 uentoque,
773 1466 817 1493 nou

98 1509 166 1548 minus
178 1509 324 1559 superfluam‚=
332 1521 395 1560 quam
407 1509 506 1548 Gassendi
516 1512 578 1548 remis
586 1519 691 1560 ventoque.

150 1562 197 1601 903.
224 1564 297 1600 Tradit
314 1561 391 1614 agens]
405 1561 454 1599 Brit.
470 1563 490 1601 2,
510 1563 598 1600 Tradita
610 1575 649 1598 res·
661 1578 688 1589 -
701 1559 816 1605 molimine]

97 1611 156 1651 Bodl.
172 1613 220 1650 Ver.
232 1614 284 1652 Ven.
300 1616 407 1653 volumine.
421 1635 447 1641 -
459 1612 541 1663 novem]
555 1611 586 1649 sic
600 1609 661 1651 Walt.
678 1623 702 1648 ex
719 1611 816 1648 omnihus

98 1664 145 1702 tere
160 1664 228 1710 libri33
252 1665 301 1702 Brit.
315 1666 334 1704 2.
350 1669 404 1703 tunt.
419 1664 466 1702 uld.
481 1666 501 1705 2,
519 1671 540 1702 et
555 1662 653 1715 vulgares
668 1662 726 1702 editt.
739 1666 816 1714 navim.

99 1715 175 1765 (Cous.
187 1728 249 1765 supra
257 1715 311 1754 adv.
320 1717 384 1764 391.)
765 1759 770 1763 ἡ

151 1767 198 1806 905.
223 1768 379 1819 gubernaclum]
392 1764 453 1808 ‘uodt
463 1765 516 1805 Brix.
527 1768 577 1805 Ver.
588 1766 640 1803 Van.
655 1766 820 1820 gubernandum

100 1818 158 1870 quod
171 1818 272 1857 nimirum
286 1818 367 1857 librarii
379 1832 452 1858 veram
467 1819 593 1870 scripturam
603 1817 656 1857 falso
669 1817 766 1870 legerunt
774 1832 817 1871 gu-

98 1873 216 1910 bernddum.

151 1923 197 1963 907.
223 1922 325 1973 sustollit]
339 1922 401 1962 Wak.
416 1934 427 1960 e
442 1934 553 1960 moresne
569 1919 816 1960 submurmurante.

99 1995 126 2004 -
138 1973 201 2023 nixu]
217 1974 280 2013 Poor.
290 1977 344 2013 Briu.
357 1976 406 2013 Ver.
418 1975 469 2013 Ven.
479 1977 536 2022 visu,
549 1971 611 2010 Bodl.
622 1974 677 2017 nisi5
688 1971 751 2024 vulgo
761 1975 815 2011 nisu.

151 2027 196 2066 908.
223 2026 321 2079 quietem]
336 2027 384 2065 Ver.
397 2029 487 2079 quietae,
500 2024 566 2076 Lugd.
582 2025 601 2063 1.
616 2022 666 2064 Brit.
676 2025 695 2063 2.
704 2026 723 2064 3.
740 2026 816 2077 quiete,

99 2076 183 2128 vulgari
197 2088 276 2118 errore.
301 2080 382 2115 Tamen
395 2078 461 2116 Walr:
471 2077 602 2127 suspicatur,
613 2076 737 2128 Lucretium
748 2079 816 2129 quiete

100 2130 202 2179 posuisse,
222 2136 246 2166 ut
256 2129 315 2167 locus
327 2142 366 2180 per
377 2129 454 2167 tmesin
465 2128 495 2166 sic
507 2126 642 2177 explicandus
656 2127 693 2166 sit:
706 2130 815 2176 „Somnus

100 2179 215 2231 perinriget
229 2181 325 2219 membra
340 2180 441 2232 quiete;“
461 2176 640 2231 quemadmodum
656 2179 712 2231 apud
724 2177 814 2217 Tertull.

101 2234 173 2282 Scorp.
184 2238 234 2272 sect.
246 2234 277 2273 13.
289 2235 427 2286 perindigere,
441 2230 497 2282 apud
513 2232 630 2270 Varronem
641 2233 666 2272 R.
675 2233 700 2270 R.
712 2231 741 2280 II,
752 2232 784 2278 11,
794 2230 814 2270 7.

97 2285 243 2337 perinungere,
258 2285 313 2333 apud
322 2284 427 2321 Alcimum
437 2282 520 2320 Avitum
531 2283 549 2330 I,
558 2283 603 2322 267.
611 2285 747 2336 perinundora
757 2282 815 2333 lega-

100 2341 141 2373 tur.
169 2333 209 2371 Sed
223 2335 257 2372 vel
274 2349 326 2373 unus
338 2335 419 2387 Virgilii
433 2335 493 2372 locus
502 2334 551 2374 Aen.
561 2336 577 2384 1,
588 2336 646 2387 691„
660 2332 814 2385 alWakefieldo

99 2387 144 2437 ipso
162 2385 248 2434 allatus,
268 2386 338 2437 prima
353 2386 449 2438 germina
465 2385 526 2423 huius
548 2387 681 2426 coniecturae
697 2384 814 2437 reprimere

100 2438 211 2477 debuisset.
238 2438 325 2476 Accedit
340 2451 390 2477 vero
400 2438 463 2490 etiam
478 2437 540 2476 codd.
551 2440 664 2478 auctoritas
675 2445 696 2478 et
703 2436 813 2487 Macrobii,

101 2491 138 2543 qui
150 2494 192 2530 Sat.
203 2491 242 2538 Vt,
256 2492 273 2530 1.
288 2492 321 2542 (p.
333 2492 377 2531 159.
390 2491 445 2541 uip.)
459 2490 516 2529 hunc
531 2503 615 2531 versum
630 2490 763 2543 cumprime
776 2501 813 2537 vq-
