1690 2654
92 114 95 120 ι
113 88 163 139 564
210 85 430 136 sonorsrloisus
447 94 483 134 sn
501 93 612 134 aionon
629 94 751 135 sarran.

113 202 192 241 xietate
201 203 243 242 huc
252 204 304 242 illac
314 202 422 251 cursitare,
435 202 457 242 h.
468 214 485 240 e.
493 205 626 255 perturbatus
637 206 741 255 trepidare
752 203 836 248 dicitur.

114 258 222 309 Repedore
238 263 309 294 autem
325 256 426 303 verbum,
444 267 457 291 a
469 255 599 306 sequioribus
614 256 751 307 scriptoribus
765 269 837 296 rursus

113 307 247 359 frequentari
256 307 347 357 solitum,
364 307 419 355 (vid.
430 308 530 347 Goerenz.
545 307 572 345 ad
587 308 627 346 Cic.
639 309 664 345 de
675 310 739 360 Legg.
749 311 789 358 III,
805 311 837 357 8.)

115 371 129 397 a
138 360 233 408 librario,
247 373 313 412 gnaro
325 359 389 410 prisci
399 358 513 404 sermonis,
528 359 612 410 eiusque
623 360 721 399 Lucretio
731 361 837 399 tribuendi

115 411 222 486 studios‘p,
239 412 331 464 margini
346 410 475 461 adscriptum
490 410 513 448 in
526 411 611 450 Codices
626 412 718 465 migrare
733 412 838 452 facillime

131 464 190 502 otuit.
308 474 310 476 ’

105 475 129 515 Ῥ
170 518 228 556 ῙΞΒΟ.
252 530 291 569 pra
301 515 335 565 re]
349 521 439 565 uterque
448 513 510 554 Vind.
517 530 555 568 pro
565 532 613 564 rem,
627 519 675 556 Ver.
686 517 737 555 Ven.
746 532 838 569 praere,

114 567 165 608 Brit.
176 570 195 608 1.
210 583 268 608 suam
282 570 366 620 prolem.
394 569 452 605 Cant.
468 567 533 605 verba
546 566 577 606 sic
592 569 711 619 transponit
726 581 838 610 consortem

112 636 153 675 pro
166 637 194 660 re¹
208 641 235 648 -
248 619 373 669 consortem]
387 619 437 657 Brit.
449 621 468 659 3.
482 621 615 671 comploratio,
631 621 685 657 etin
696 621 791 672 margine
803 638 838 661 ex-

113 675 211 726 plorans,
229 671 275 710 Ald.
288 674 306 711 1.
318 674 369 709 Bon·
384 682 506 723 cognatm,-
529 671 551 708 in
569 677 660 722 utroquo
677 672 739 710 Vind.
755 672 837 714 Brit.1.

114 725 169 762 Brix.
179 726 227 764 Ver.
239 725 290 764 Ven.
301 736 342 761 vox
350 735 436 774 prorsus
447 722 582 764 desideratur.
595 744 623 772 .··
635 725 743 775 numam]
757 725 806 767 Brit.
817 726 837 766 1.

114 779 194 817 hamat.

168 827 227 869 1281.
253 828 362 880 Multoque
376 829 399 867 m'
416 826 496 875 subito]
516 827 580 879 vulgo
597 829 705 880 illicitaque
720 830 752 867 vis
769 828 838 868 subita

115 892 148 929 et;
168 881 206 919 sed
222 891 287 931 quum
304 890 325 918 et
338 892 350 916 a
360 878 500 930 Lugd.1'·2.‚
519 882 551 918 nis
567 891 617 917 vero
632 879 658 917 ab
672 887 763 930 utroque
776 879 837 917 Vind.

115 933 167 973 Brit.
176 935 196 973 1.
207 931 227 972 3.
240 938 261 969 et
273 930 327 971 Brix.
342 932 391 970 Ver.
401 934 452 970 Ven.
470 929 535 978 ahsit,
545 929 578 968 *in
589 932 650 972 Poor.
663 937 684 968 et
696 932 752 969 Cant.
766 937 837 969 autem

116 1001 150 1025 res
165 984 312 1032 substituatur,
331 983 417 1023 Wak.e
432 982 554 1021 coniectura
566 982 642 1035 edidit,
661 983 719 1036 quod
734 996 773 1022 nos
787 995 836 1023 cum

115 1037 192 1080 Eiclrst.
203 1036 270 1076 Nobb.
284 1035 346 1076 Orell.
364 1035 497 1073 servavimus.

170 1089 227 1128 1282·
255 1089 324 1127 aliena
334 1086 442 1138 rogorum]
459 1085 512 1122 Vide
525 1085 628 1133 ad1„87.

169 1136 228 1180 1284.
256 1137 498 1190 Subdelrontquesaceis]
513 1138 566 1176 uris.
578 1137 690 1177 subdebant
696 1138 764 1190 faces,
775 1136 837 1177 Vind.

115 1190 166 1232 Brit.
176 1194 195 1232 3.
208 1193 257 1229 Ver.
266 1192 318 1231 Ven.
334 1192 450 1229 Sabdebont
454 1189 542 1240 fauces,
562 1191 622 1230 Poor.
633 1190 682 1228 Brit.
694 1192 713 1229 1.
730 1192 837 1229 Sadobant

111 1246 199 1348 scrop,
212 1243 291 1295 fragm.
304 1241 365 1281 Vind.
376 1242 531 1295 Subdeboncque
534 1241 624 1293 fauces,
638 1243 696 1280 cant.
708 1244 838 1282 Suadebont-

131 1313 156 1337 ae
178 1312 232 1340 aces.

116 1312 130 1351 q
170 1348 227 1389 1a85.
255 1344 370 1396 Rixantes]
396 1344 608 1388 Brittannum.
632 1368 658 1375 —
685 1348 836 1393 desererentur]

116 1400 170 1440 Brix.
187 1404 326 1444 deserrentar,
345 1397 390 1436 Ald.
400 1401 418 1438 1.
432 1398 484 1435 Bon.
500 1397 639 1449 deferrentur,
657 1398 715 1437 Bodl.
727 1400 773 1436 Ver.
784 1402 836 1438 Ven.

115 1453 242 1501 deferentur.
269 1450 331 1490 Wak.
346 1450 439 1488 conferri
453 1450 512 1489 iubet
526 1451 584 1490 locos
601 1451 703 1504 gemellos
717 1450 775 1491 ovid.
786 1452 835 1490 Met.

116 1507 165 1557 VH,
180 1506 225 1546 609.
240 1510 261 1543 et
273 1504 365 1543 Senecae
379 1501 428 1541 Oed.
444 1500 476 1543 64.
