1690 2654
253 107 294 148 ao
310 100 447 145 aionon
464 100 609 142 strauit.
746 98 794 142 495

77 219 120 257 dita
133 230 176 256 esse
187 228 273 257 censeo;
287 211 320 248 vix
330 209 387 248 enim
399 208 539 247 demonstrari
548 208 625 258 possit,
637 211 732 262 picturas
742 207 794 244 deo.

75 283 124 309 rum
134 271 155 306 in
168 266 251 316 templis
263 263 327 301 fuisse
340 261 454 299 collocatas
466 260 499 297 vel
509 273 623 310 suspensas.

127 320 173 361 421.
199 332 237 371 quo
244 313 304 369 plns]
318 313 348 351 ita
356 312 417 352 Wak.
429 325 477 351 curn
483 314 545 360 Bon,
560 325 612 362 quae
625 312 719 362 sequitur
728 310 792 349 modo

75 373 162 420 Ald.1.;
177 371 229 407 Brix.
242 382 302 419 quom
311 367 365 417 plns,
380 366 430 402 Ven.
442 366 498 403 Iunt.
512 380 565 417 quae
573 365 628 415 plus,
644 365 708 401 ceteri
720 375 793 400 omnes

76 440 114 478 que
123 425 175 475 plus.
202 421 251 457 Hav.
263 417 290 467 de
300 417 341 453 suis
353 415 416 455 codd.
427 422 495 462 tacet,
515 428 567 467 quos
577 415 684 466 vulgatam
695 416 793 468 plurimo·

76 491 113 529 que
124 477 184 519 huius
194 468 302 522 praebere,
316 468 350 506 vix
359 467 445 506 credere
455 467 512 506 licet.

126 536 171 577 423.
196 535 260 586 facile
275 530 318 579 est]
339 531 369 567 sic
383 542 456 568 omnes
470 530 530 579 libri,
548 535 632 581 praeter
642 543 709 569 unum
721 533 791 578 Cant,

16 592 18 594 ’
74 589 148 639 inquo
162 583 293 625 hauddubie
308 594 347 629 per
359 581 440 620 librarii
455 582 605 633 negligentiam
621 583 696 620 vocula
708 594 792 622 estnon
832 626 835 630 Α

75 644 189 687 comparet.
215 635 276 675 Wak.
293 639 365 670 tamen
381 634 421 670 hac
442 634 542 671 varietate
552 634 639 671 ‘firmat
649 634 792 672 coniecturam

69 691 140 743 facul,
160 700 224 738 quarn
234 687 256 723 in
272 689 394 721 contextum
408 684 460 723 adeo
476 685 564 736 recepit.
590 686 635 722 Nos
652 698 700 723 cum
715 685 790 725 Eiobst.

74 741 129 792 vutg.
140 740 196 779 editt.
208 735 267 789 sequi
274 734 392 775 maluimus

125 789 170 831 424.
197 787 230 828 De
246 790 342 838 prestere
360 787 417 826 coiit.
433 789 533 838 Epicurus
549 801 583 837 ap.
600 788 659 840 Diog.
676 790 746 827 Ladrt.
763 789 791 836 X,

13 841 20 850 ’“
74 839 212 891 1014924.
230 841 262 878 ed.
274 839 384 889 Schneid.)
406 839 459 878 Plin.
474 841 501 877 Η.
512 841 538 878 Ν.
552 841 584 884 11,
597 841 630 879 50.
650 844 728 878 Seneca
742 842 791 880 Nat.

3 905 5 908 ’
75 897 157 941 Quaest,
169 895 193 942 V,
206 893 237 932 13.
252 890 333 940 Apulei.
346 890 372 927 de
383 891 469 931 mundo.
483 892 507 930 T.
517 893 546 929 Π.
558 904 579 940 p.
587 892 632 930 322.
643 892 694 932 Oud.
707 892 790 942 aliique.

74 967 99 977 -
114 948 138 984 ab
148 945 181 996 re]
197 956 226 993 „a
238 940 326 994 πρήθω,
341 939 413 993 πρήσω
424 943 515 990 scilicet3
534 943 583 993 quia
593 956 642 980 cum
653 946 725 988 ardore
739 956 790 993 quo-

20 1038 22 1043 .
75 997 123 1034 dam
134 1007 257 1036 tumescant.-
274 996 328 1031 inest
340 995 395 1032 enirn
406 996 453 1032 voci
463 1008 505 1032 non
517 996 584 1034 minus
598 997 713 1044 inflationis
724 995 790 1041 notio,

74 1061 138 1098 quarn
153 1048 228 1098 ignis.“
251 1048 321 1085 Wat.
357 1048 387 1083 De
402 1045 495 1083 formula
513 1052 584 1083 autern
603 1048 627 1084 ab
643 1062 664 1084 re
679 1050 788 1092 nominari,

74 1111 128 1150 quae
137 1096 256 1137 reditinfra
267 1110 286 1135 v·
299 1094 357 1145 741„
376 1096 517 1147 copiosissime
533 1096 575 1148 egit
585 1098 656 1134 Wasse
668 1097 694 1134 ad
706 1098 789 1135 Sallust.

73 1154 117 1202 lug.
128 1152 171 1198 80„
189 1156 209 1187 et
221 1145 246 1187 de
263 1149 418 1199 praepositione
435 1151 460 1189 ab
471 1154 520 1187 ante
534 1160 648 1187 consonam
663 1149 751 1188 diximus
764 1148 791 1188 ad

12 1221 15 1228 ’
72 1203 110 1250 IV,
122 1203 165 1240 220.
177 1200 221 1240 245.
237 1203 259 1249 V,
271 1201 316 1239 123.
330 1202 375 1240 150.
386 1206 425 1240 eto.

124 1262 169 1305 427.
197 1267 326 1311 descendant,
339 1264 455 1316 πρηστῆρες
467 1263 573 1303 nimirum.
601 1263 634 1303 Sic
646 1270 718 1302 autern
727 1263 789 1303 Wak.

73 1323 97 1354 ut
108 1317 232 1368 ambiguitas
247 1317 360 1366 vitaretur,
374 1318 466 1355 restituit
481 1329 492 1354 e
509 1316 641 1364 coniectura,
655 1329 718 1367 quam
729 1329 790 1353 com-

72 1369 184 1417 probatam
194 1368 245 1404 vidit
257 1367 306 1406 Cod.
318 1369 379 1405 Poor.
407 1368 494 1406 Plurimi
503 1367 552 1404 libri
563 1370 678 1416 descendat,
691 1374 715 1405 ut
725 1368 789 1418 vulgo

74 1419 152 1466 editur3
168 1420 218 1457 Brit.
229 1420 249 1459 3.
261 1422 379 1467 discendat,
398 1419 446 1457 Brit.
458 1421 477 1458 1.
488 1421 598 1458 distendat·
613 1442 639 1447 —
652 1420 724 1472 qnam]
739 1420 788 1457 Brit.

74 1471 92 1508 1.
102 1471 121 1509 3.
132 1473 186 1523 qnaj
202 1483 265 1520 „non
277 1470 339 1519 male,
352 1477 375 1508 ut
386 1471 446 1509 Wak.
458 1470 580 1517 arbitratur,
594 1483 632 1521 pro
644 1472 683 1525 qu'o
695 1474 742 1521 vta,
755 1470 789 1508 vel

13 1539 15 1541 ·
73 1536 112 1574 quo
123 1524 188 1563 locof‘
214 1522 266 1559 Mihi
275 1522 366 1573 vulgaris
378 1529 485 1572 praestare
495 1522 584 1559 videtur.

124 1583 168 1625 428.
195 1587 274 1634 incita]
287 1585 317 1622 sic
328 1590 387 1625 Poor.
400 1586 473 1626 Britl.
486 1586 543 1623 Cant.
554 1585 599 1623 ald.
606 1588 624 1625 1.
635 1587 655 1624 2.
667 1588 716 1624 Bon.
726 1587 787 1632 huit,

74 1648 124 1685 quos
137 1649 208 1674 omnes
223 1637 312 1674 editores
327 1635 409 1687 sequuti
420 1644 478 1684 sunt,
493 1642 514 1674 et
524 1637 569 1674 iure
581 1637 676 1687 quidem:
694 1649 744 1673 nam
757 1638 788 1674 tn-

73 1689 115 1725 eita
126 1695 244 1726 ceterorum
254 1688 358 1725 librorum
365 1700 424 1727 mera
434 1688 541 1738 corruptio
547 1688 640 1735 videtur3
655 1688 711 1738 quod
724 1700 789 1738 quum
804 1724 806 1733 ,

73 1738 132 1778 Wak.
139 1740 189 1776 dicit
199 1740 287 1777 fortasse
298 1752 337 1788 pro
344 1742 457 1787 lacessitus,
467 1740 481 1780 i.
493 1752 510 1777 e.
519 1752 636 1789 percussus⁷
642 1740 711 1789 accipi
720 1752 787 1790 posse,

19 1822 20 1825 ,
71 1788 112 1827 boc
121 1790 252 1829 artificiosius
262 1803 344 1839 censeo,
359 1804 422 1842 quam
432 1788 566 1841 probabilius.
751 1789 755 1792 ’

123 1840 169 1883 429.
195 1854 238 1882 tum
249 1843 312 1891 aunt]
325 1842 373 1881 Brit.
379 1844 398 1882 3.
411 1843 471 1881 Cant.
481 1843 533 1881 Brix.
545 1842 614 1882 alda.
627 1853 669 1882 tum
678 1844 726 1891 sint,
738 1844 786 1881 Ver.

73 1890 279 1934 Ven.A1d.1.sson.
297 1910 341 1933 cum
353 1897 401 1933 sint.
422 1916 448 1924 -
468 1894 578 1947 deprensa]
593 1896 653 1933 Poor.
670 1894 722 1933 Brix.
738 1896 786 1932 Ver.

73 1942 122 1981 Van.
133 1945 176 1984 ald.
188 1947 205 1985 1.
216 1948 264 1985 Bon.
276 1947 413 1998 deprebensa,
436 1958 499 1996 quam
510 1946 635 1996 scripturam
645 1946 705 1986 Wak.
714 1959 786 1984 veram

1 2002 2 2005 ’
72 1992 146 2044 habet,
159 2011 202 2035 non
216 2003 286 2035 tamen
297 1997 385 2047 recepit.
413 1999 456 2036 Nos
467 2010 551 2049 quoque
563 1997 685 2043 melioribus
697 2005 718 2037 et
730 1997 786 2036 anti-

73 2048 179 2096 quioribus
188 2049 246 2087 libris
259 2049 419 2087 auscultandum
431 2049 533 2089 duximus.
574 2064 577 2068 ⁴

123 2108 168 2151 432.
195 2116 254 2165 cepit,
268 2112 282 2150 i.
293 2125 311 2150 e.
322 2112 409 2161 invasit,
427 2114 543 2164 occupavit.
570 2113 603 2151 Sic
617 2113 716 2152 nimirum
724 2114 785 2152 Wak.

73 2162 160 2211 expiioat
170 2164 292 2212 lectionem,
306 2178 318 2201 a
328 2178 349 2202 se
360 2177 384 2202 ex
389 2165 449 2205 Vind.
460 2173 481 2228 pt
494 2167 550 2205 Cant.
560 2167 686 2216 restitutam,
701 2180 786 2218 compa-

71 2214 397 2355 raissslbl4?andrddbisz4zde]vdlddd
408 2228 492 2310 Cdreiiit'ss.
504 2236 638 2332 drdcltiisque.

70 2369 110 2418 pit.
122 2320 426 2421 -362134Z7fi1122nt242ssffl-
434 2322 587 2376 prorumpant]
601 2325 653 2367 Brrt·
667 2323 684 2360 1.
693 2334 784 2429 prorutu-

73 2468 90 2516 Ι,
100 2416 423 2526 ZolpdssffibptvIoIpesscpncinnore
435 2424 496 2466 Wak.
513 2425 606 2465 conferri
620 2426 679 2464 iubet
693 2424 784 2462 Nonium

566 2534 634 2573 th
