1690 2654
64 52 81 98 4
251 55 294 98 DE
310 54 589 108 auscultarunt

117 162 213 204 Omnibus
223 168 316 204 ornatum
324 164 406 204 voluisti
414 167 584 205 excellererebus.

117 216 162 265 Quo
174 216 239 267 magis
248 221 350 256 aeternum
357 219 384 257 da
393 217 473 268 dicteis,
485 219 548 267 Diva,
561 220 655 269 leporem.

6 297 9 303 .
36 312 41 317 β
65 267 92 308 3⁰
116 268 191 314 Effice,
203 271 226 306 ut
237 269 314 308 interea
322 271 366 309 fera
374 271 557 309 moeueramilitiai

116 319 157 358 Per
167 319 232 358 maria
240 333 264 360 ac
272 324 336 368 terras
346 323 422 362 omneis
432 323 495 373 sopita
506 323 610 373 quiescant.

116 371 169 410 uam
178 376 201 410 tu
210 374 254 412 sola
262 378 319 424 potes
327 375 434 424 tranquilla
444 388 494 425 pace
504 375 574 414 invare

116 423 232 463 Mortaleis:
245 426 339 475 quoniam
347 427 396 465 belli
404 427 448 465 tera
456 439 550 466 moenera
558 427 640 466 blavors
707 470 710 475 4

116 476 242 525 Armipotens
251 479 314 529 regit,
321 478 349 516 -in
358 479 458 529 gremium
470 480 504 528 qui
512 492 570 528 saepe
578 484 635 529 tuum
645 491 668 530 se

64 524 91 567 35
116 528 201 577 Reduc,
213 533 293 569 aeterno
304 530 391 569 deuictus
400 531 481 569 volnere
488 531 571 570 amoris:
610 553 612 556 ·
625 538 627 542 '
665 531 667 533 ’

117 582 182 630 Atque
190 581 228 629 ita,
241 582 347 631 suspiciens
357 582 416 621 tereti
426 582 502 621 cervice
512 587 596 631 reposta,

116 632 185 672 Pascit
195 645 263 672 amore
274 634 354 681 aridos,
366 634 445 677 inhians
454 633 476 671 in
486 638 516 680 te,
528 635 582 682 Dea,
595 632 657 682 nisus,

117 686 175 733 Eque
182 689 217 724 tuo
223 686 295 735 pendet
304 685 392 737 resupini
400 685 480 734 spiritus
488 697 528 724 ore.
583 698 585 701 ⁴

117 737 177 778 Hunc
188 741 220 783 tu,
233 737 297 784 Diva,
310 740 345 776 tuo
354 736 482 782 recubantem
490 747 572 785 corpore
582 738 651 776 sancto

64 783 92 824 40
102 826 106 833 x
120 788 245 826 Circumfusa
254 800 322 837 super,
335 787 413 826 suareis
423 800 447 825 en
455 800 490 826 ore
498 788 587 837 loquelas

117 839 195 887 Funde,
207 843 275 888 petens
283 839 382 889 placidam
393 839 511 886 Romaneis,
524 839 609 887 incluta,
623 851 699 889 pacem.

117 891 171 930 Nam
180 892 245 940 neque
253 903 289 929 nos
300 904 360 943 agere
368 892 408 930 hoc
416 891 490 940 patriai
502 894 590 940 tempore
599 891 667 941 iniquo

117 942 224 981 Possumus
233 955 297 993 aequo
304 943 383 993 animo,
396 955 433 981 nec
441 943 525 981 Memmi
537 944 591 981 clara
598 955 688 996 propago

117 994 202 1034 Talibus
214 994 236 1033 in
245 995 305 1033 rebus
312 994 411 1034 couuuuni
422 994 477 1041 desse
486 994 551 1033 saluti.
612 1011 614 1014 ¹

66 1039 93 1082 45
145 1046 204 1095 Quod
211 1050 309 1097 superest,
321 1058 395 1085 vacuas
404 1045 469 1086 aureis
478 1046 540 1093 mihi,
547 1044 670 1099 Memmius,
680 1051 702 1090 et
711 1052 736 1099 te,

119 1096 228 1136 semotum·
237 1111 250 1136 a
260 1097 323 1146 curis,
336 1098 410 1137 adhibe
422 1110 491 1136 veram
501 1097 527 1135 ad
535 1097 645 1147 rationem

119 1149 150 1188 Ne
158 1161 204 1187 mea
213 1149 265 1188 dona
271 1180 277 1198 ‚
284 1149 400 1188 tibistudio
412 1149 499 1199 disposta
506 1148 568 1195 fideli,

96 1218 99 1222 ·
118 1200 220 1240 Intellecta
228 1201 283 1252 prius
296 1213 356 1252 quam
364 1201 415 1250 sint,
428 1203 527 1239 contemta
536 1200 641 1250 relinquas.

120 1252 173 1291 Nam
179 1253 221 1291 >tibi
234 1255 259 1291 de
270 1266 347 1292 smnma
357 1253 408 1292 coeli
417 1252 494 1291 ratione
505 1252 602 1301 deumque

66 1298 93 1340 50
119 1304 221 1344 Disserere
226 1305 332 1355 incipiam,
341 1307 365 1344 vct
374 1318 442 1344 rerum
449 1303 558 1355 primordia
566 1304 660 1354 paudum,

119 1357 176 1394 Unde
186 1357 261 1396 omneis
270 1360 342 1397 natura
352 1360 405 1404 creet
412 1370 454 1405 res,
468 1359 534 1396 auctet
543 1356 629 1406 alatque,

118 1410 203 1457 Quoque
211 1410 281 1447 eadem
291 1423 371 1448 rursmn
380 1412 450 1447 natura
459 1411 548 1458 peremta
555 1410 654 1458 resolvat3

119 1460 178 1508 Quae
189 1474 224 1498 uos
231 1461 336 1499 materiem
345 1465 364 1499 et
373 1460 469 1512 genitalia
478 1472 561 1510 corpora
569 1462 628 1500 robus

120 1511 230 1551 Reddenda
239 1513 259 1551 in
270 1513 347 1552 ratione
355 1526 438 1559 vocare,
453 1516 473 1550 ct
480 1513 556 1551 semina
562 1525 631 1552 rerum

67 1555 94 1597 55
119 1564 327 1613 Appellare'sudmus,
338 1568 358 1603 et
366 1565 421 1604 hacc
427 1561 497 1602 eadem
506 1577 607 1614 usurparev

69 1612 71 1615 ’
120 1616 209 1663 Corpora
218 1616 290 1664 prima,
302 1617 355 1665 quod
369 1628 392 1654 ex
402 1616 447 1653 ollis
456 1620 501 1653 suut
509 1616 575 1654 omnia
583 1615 660 1665 primis«

148 1666 225 1715 [Omnis
236 1667 288 1706 euim
298 1680 334 1717 per
344 1681 365 1717 sc
374 1667 441 1706 divom
451 1671 522 1705 natura
531 1680 609 1706 necesse
618 1671 649 1707 est
660 1676 662 1680 ⁴

121 1718 232 1758 immortali
241 1732 290 1768 acvo
300 1732 378 1758 summa
388 1732 433 1757 cum
441 1731 490 1769 pace
498 1719 582 1766 fruatur,
644 1763 646 1766 Ι

121 1770 203 1808 Scmota
213 1772 239 1808 ab
251 1772 322 1810 uostris
329 1773 389 1810 rebus
400 1770 526 1820 seiunctaque
535 1771 605 1821 longc3

69 1813 96 1855 60
122 1822 174 1861 Nam
181 1822 260 1870 privata
270 1823 338 1861 dolore
348 1823 411 1870 anmi,
424 1822 503 1870 privata
513 1822 599 1870 periclis,

122 1874 168 1923 Ipsa
180 1873 219 1911 suis
228 1874 304 1924 palleus
317 1874 397 1924 opibus,
410 1873 463 1912 nihil
471 1872 541 1924 indiga
549 1871 618 1919 nostri,

123 1926 164 1965 Nec
173 1926 223 1964 bene
232 1926 344 1976 promeritis
355 1926 443 1977 capion,
456 1939 492 1964 ncc
499 1925 589 1976 tangitur
599 1923 646 1974 ira]

148 1977 242 2015 Humana
252 1981 296 2016 ante
306 1980 372 2017 oculos
383 1979 428 2016 tede
438 1991 497 2028 quom
505 1978 547 2015 vitu
557 1976 631 2016 iaceret

123 2029 146 2068 ln
155 2029 223 2076 terris,
235 2042 329 2079 oppressa
337 2031 396 2082 grani
405 2030 441 2068 sub
450 2029 566 2080 Religione,

71 2070 99 2113 65
124 2082 181 2129 Quae
190 2083 249 2130 caput
260 2094 273 2120 a
282 2082 333 2121 coeli
341 2082 456 2133 regionibus
467 2080 588 2125 ostendebat,

123 2132 223 2171 Horribili
231 2145 289 2182 super
299 2138 378 2184 aspectu
385 2132 503 2172 mortalibus
512 2132 596 2183 instausj

123 2184 214 2223 Primum
223 2185 295 2223 Graius
305 2187 365 2225 homa
373 2185 475 2224 mortalcis
484 2185 554 2222 tollere
563 2184 631 2222 contra

124 2236 162 2274 Est
171 2237 237 2274 oculos
246 2248 315 2285 ausus,
328 2239 442 2288 primusque
451 2237 546 2276 obsistere
553 2238 631 2273 contra:
675 2281 677 2283 ,
689 2271 690 2274 ,

124 2288 190 2336 Quem
199 2301 263 2337 neque
270 2288 325 2328 lama
335 2291 405 2337 deum,
418 2303 454 2328 nec
465 2288 561 2334 fulmina,
574 2299 610 2325 nec
618 2285 718 2329 minitanti

72 2332 100 2373 70
125 2340 229 2377 utnrmure
239 2342 352 2390 compressit
361 2343 447 2389 ooclnm3
460 2341 495 2379 scd
505 2352 529 2378 co
537 2338 602 2389 magis
613 2351 679 2379 acrem

125 2392 192 2429 irritat
201 2391 296 2430 virtutem
304 2393 378 2440 animi,
392 2393 515 2443 confringere
523 2394 546 2429 ut
555 2394 611 2429 arcta

127 2442 214 2485 uacuae
221 2442 297 2494 primus
305 2450 406 2496 porterum
415 2446 502 2486 claustra
511 2443 594 2494 cupiret.
