1690 2654
74 128 122 174 418
292 126 572 170 ANNOTATIONES

125 238 169 278 546.
198 238 247 290 qnid
260 252 350 291 quaeque
363 248 426 291 quent
442 237 487 288 res]
511 239 569 275 Hanc
582 238 675 276 omnium
688 238 792 276 librorum

74 291 198 341 scripturam
208 302 249 327 ase
258 290 378 328 restitutam
388 290 447 329 Wak.
460 290 490 328 sic
501 290 603 341 explicat:
618 319 630 339 7,
637 303 690 341 quae
699 292 740 328 sint
751 290 792 341 pri-

72 342 176 394 migeniae
189 342 299 393 qualitates
310 342 352 380 eius
363 349 384 380 et
392 348 513 393 potestates,
524 342 599 392 quibus
608 344 635 380 sit
646 349 721 380 natura
732 354 791 392 prae-

73 394 141 433 dita.“
168 393 252 441 tamn,
268 407 333 445 quum
345 394 368 431 in
385 394 464 432 duobus
480 394 542 433 Codd.
557 395 670 445 reperisset
682 397 731 447 quid
741 410 792 447 quae

72 449 177 500 adaqueat
190 462 233 494 res,
246 447 296 484 inde
314 446 423 484 constitnit
436 446 551 486 lectionem
567 451 615 500 quoi
630 463 682 499 quae
696 449 792 485 adiacent

71 514 115 550 res,
131 510 197 549 quae,
210 498 302 550 vulgaris
312 499 381 547 facta,
395 499 422 537 ab
434 500 485 537 Hav.
496 512 580 550 quoque
590 505 671 537 servata
683 505 721 537 est.

125 563 171 603 550.
197 565 294 602 videntur
305 562 367 600 nuk.
376 562 398 600 in
410 570 532 601 contextum
542 563 649 601 revocavit
660 576 684 601 en
696 561 792 600 omnibns

71 613 131 653 libris
147 621 233 666 praeter
248 627 311 653 unam
325 616 391 664 lunt,
406 628 459 666 quae
474 615 519 653 sola
530 616 587 653 favet
598 616 695 667 vulgatae
704 613 792 652 lectioni

71 670 161 707 videtur.

125 720 171 759 552.
197 724 260 770 cupra
276 731 297 754 se
313 715 377 769 quae]
392 715 422 754 sic
436 716 537 766 (noem)
552 716 626 756 unet.
646 717 691 754 Ald.
702 720 720 757 1.
735 719 791 766 Bon,

72 784 124 822 quas
143 781 193 808 cum
210 767 306 806 omnihus
323 767 380 805 editt.
398 768 551 807 recentioribus
571 775 671 818 sequutus
689 782 741 808 sum.
768 771 792 806 ln

71 823 125 861 Brin.
139 824 186 862 Ver.
198 822 250 861 Ven.
261 819 362 868 seneen,
376 825 398 857 et
412 820 466 858 Brix.
479 820 564 872 quidem
580 833 619 870 pro
635 836 697 875 snpra
708 838 729 861 se
741 836 792 875 quae

71 886 120 915 sunt
130 872 232 924 praebent
241 886 343 925 supraque
352 883 396 918 est;
413 872 478 910 ceteri
488 872 538 910 libri
552 887 614 925 supra
624 888 677 926 quae
687 888 720 922 se,
735 872 791 924 quod

71 926 128 977 apud
141 924 202 966 Wak,
214 937 253 974 per
267 936 361 961 errorem
371 924 436 963 modo
446 925 519 963 nonin
532 930 628 962 contexta
639 932 748 974 receptum
757 924 790 963 vi-

73 979 145 1027 detur,
159 976 252 1029 quamvis
262 975 326 1013 verba
336 982 410 1016 contra
419 977 451 1015 rei
462 983 561 1015 naturam
572 977 659 1015 confusa
670 978 717 1016 sint.

125 1040 171 1083 554.
197 1040 273 1091 uitiis]
294 1040 355 1078 Vind.
369 1043 423 1087 adri,
438 1042 486 1081 Ver.
501 1042 552 1079 Ven.
568 1045 628 1081 aceri.
645 1061 670 1072 -
688 1041 791 1091 revincta]

72 1095 126 1134 Brix.
135 1098 239 1140 reiunctct,
254 1094 300 1131 Ver.
310 1094 361 1131 Ven.
372 1093 490 1145 reifunctn.
516 1092 647 1131 Wakefieldo
658 1092 792 1131 vehementer

72 1148 143 1198 placet
156 1147 216 1183 Cant.
229 1144 343 1194 scriptura:
357 1147 453 1183 Partibus
468 1147 537 1193 atriis,
551 1148 632 1194 mundo,
648 1147 747 1197 coeloque,
761 1160 792 1182 re-

72 1201 153 1246 vincta,
168 1208 231 1247 qnae,
245 1195 295 1233 licet
304 1207 349 1232 non
361 1196 430 1244 mala,
444 1195 495 1234 mihi
506 1202 579 1235 tamen
594 1197 624 1235 nil
637 1197 676 1235 nisi
693 1196 750 1235 docti
765 1196 791 1233 li·

73 1249 140 1290 brarii
149 1249 271 1286 coniectura
283 1246 370 1287 videtur.

125 1302 170 1341 556,
198 1303 284 1347 „uniter
292 1310 368 1346 aucta,
381 1297 395 1335 i.
406 1311 417 1336 e
428 1298 596 1346 concrescentia,
611 1298 673 1336 simul
684 1306 747 1350 atque
758 1310 791 1336 ae-

73 1353 163 1403 qualiter
173 1349 307 1400 pubescentia
317 1356 337 1387 et
347 1350 493 1388 adolescentia.
500 1352 513 1373 ‘⁴
532 1351 565 1388 Sic
575 1353 602 1389 W
603 1351 643 1396 ak„
654 1351 689 1401 qui
698 1350 792 1388 omnium

73 1405 139 1444 Codd.
156 1404 305 1453 plerarumque
323 1400 381 1440 editt.
396 1398 446 1442 vett.
464 1402 577 1441 lectionem
594 1402 691 1441 restituit.
724 1402 791 1453 Vulgo

73 1461 140 1499 uniter
150 1468 201 1509 apta
215 1458 239 1503 (e
253 1455 321 1494 v.538.
334 1460 354 1491 et
364 1454 408 1493 559.
416 1457 432 1503 )‚
446 1455 503 1506 quod
512 1455 614 1504 praebent
624 1458 676 1492 lunt.
688 1461 708 1491 et
718 1454 763 1492 ald.
771 1456 791 1493 2.

125 1522 179 1561 560..
197 1520 287 1572 pernici]
304 1519 370 1570 Lngd.
380 1520 400 1557 2.
412 1519 470 1556 Bodl.
482 1519 543 1556 vind.
556 1519 633 1559 lsi-ite.
641 1520 660 1560 3,
672 1520 731 1559 Cant.
742 1521 791 1558 Ver.

72 1576 124 1612 Ven
139 1576 231 1626 pernice,
245 1569 301 1621 qnod
314 1571 337 1607 in
351 1570 405 1608 thesi
415 1569 449 1608 vix
458 1570 531 1608 locum
542 1570 620 1608 habere
633 1577 713 1620 potest3
728 1583 792 1621 qnare
810 1592 815 1597 ,

72 1625 129 1663 haud
144 1625 205 1661 dubie
222 1630 342 1661 ceterorum
358 1621 509 1671 exemplarium
518 1622 587 1660 *lectio
600 1622 752 1673 amplectenda.
766 1632 792 1651 -'-

74 1676 157 1725 tollere]
173 1678 232 1716 Poor.
247 1677 353 1721 attollere,
368 1686 421 1725 quae
432 1674 493 1714 wat.
505 1681 562 1712 recte
573 1674 654 1712 videtur
668 1674 793 1724 „medicine

74 1729 169 1775 cuidam,
183 1734 282 1764 metrnm‘
291 1726 400 1775 (lectionis
408 1728 510 1778 pernicie)
525 1726 633 1765 suffulcire
646 1727 744 1778 cupienti,
758 1739 792 1764 co-

88 1780 144 1818 itata.
152 1781 166 1802 ‘⁶
732 1780 734 1782 ’

73 1793 86 1832 g
125 1833 170 1871 561.
198 1829 260 1880 Quis]
275 1827 304 1866 sic
316 1841 388 1867 omnes
400 1829 449 1867 lihri
465 1829 517 1878 (nisi
527 1829 584 1882 quod
594 1828 652 1869 Bodl.
663 1831 725 1882 qui),
740 1842 792 1881 quos

73 1896 122 1922 cum
134 1883 191 1921 editt.
203 1881 259 1933 vulg.
270 1881 330 1921 Wak.
342 1889 362 1919 et
371 1880 446 1922 Eichst.
455 1889 553 1934 sequutus
564 1895 616 1920 snm.
644 1885 695 1920 Hau.
711 1883 793 1933 recepit

72 1936 135 1975 Fabri
146 1934 200 1973 coni.
215 1936 279 1983 Quid,
294 1933 343 1984 quia
355 1946 398 1970 non
412 1934 466 1971 bene
481 1935 563 1972 dicatur
580 1937 638 1983 Quis,
651 1937 692 1973 nisi
703 1938 734 1973 vis
746 1937 792 1973 nni·

73 2003 117 2027 mne
127 2000 165 2037 pro
178 1992 243 2036 Quae,
257 1988 299 2025 nisi
309 1989 341 2025 vis
354 1992 393 2025 etc.
421 1986 493 2034 Quod,
507 1992 530 2023 ut
545 1985 596 2023 mihi
607 1984 691 2037 quidem
702 1986 791 2035 videtur,

72 2052 111 2089 per
123 2051 144 2075 se
156 2051 198 2075 non
208 2038 383 2087 improbandum,
398 2037 414 2075 si
425 2051 487 2088 quem
500 2037 604 2083 offendat,
618 2037 717 2088 respiciat
728 2038 792 2076 modo

72 2091 212 2134 Priscianum‚
227 2103 239 2127 a
248 2091 275 2126 W
276 2089 307 2126 ak.
319 2089 440 2135 laudatum,
455 2091 489 2137 qni
500 2092 528 2126 XI
533 2093 554 2138 tl,
564 2092 582 2130 3.
595 2091 611 2140 ᾗ
624 2090 655 2129 13.
668 2091 696 2140 (p.
706 2092 751 2130 960.
762 2092 790 2139 P.)

73 2143 146 2191 docet,
160 2146 206 2195 qrtis
221 2141 277 2192 apud
290 2142 440 2180 vetustissimos
457 2143 562 2179 Romanos
576 2142 657 2192 generis
673 2143 791 2180 communis

72 2195 142 2233 fnisse.
170 2195 266 2231 Ceterum
276 2193 342 2245 Lugd.
354 2197 372 2233 1.
382 2193 430 2232 Brit.
443 2194 462 2233 3.
476 2195 532 2231 Cant.
544 2195 596 2231 Brix.
612 2196 659 2233 Ver.
671 2195 733 2243 Ven.⁷
749 2207 791 2233 nno

73 2246 127 2298 pede
138 2245 273 2292 redundante,
291 2248 344 2295 Quid
352 2248 408 2298 potis
419 2257 449 2284 est
458 2248 521 2292 notis,
535 2250 576 2285 nisi
588 2249 620 2285 uis
631 2249 718 2295 animae,
733 2262 791 2298 quere,

74 2310 139 2350 quare
149 2300 198 2337 nav.
209 2310 219 2333 e
229 2297 286 2336 nodl.
299 2297 364 2335 edidit
376 2299 429 2346 Quid
439 2301 494 2346 potis
504 2309 534 2336 est
542 2300 611 2345 nobis,
625 2301 667 2336 nisi
680 2302 723 2346 cis,
739 2314 792 2351 qnae

73 2358 114 2389 etc.
142 2350 225 2386 Rectius
234 2356 305 2387 tamen
315 2350 376 2388 Wak.
386 2347 439 2386 illud
449 2351 507 2389 nubis
518 2357 587 2388 ortum
598 2355 658 2400 putat
669 2362 680 2388 e
690 2362 743 2388 voce
750 2366 791 2403 pu-

74 2406 101 2444 tis
112 2413 150 2454 per
161 2399 310 2451 negligentiam
320 2401 352 2439 bis
362 2402 437 2452 posita.

124 2463 170 2506 564.
199 2466 334 2515 Coniunctus]
348 2467 397 2505 Brit.
409 2468 427 2505 2.
439 2467 458 2506 3.
475 2465 526 2503 Brix.
542 2469 590 2503 Ver.
608 2466 658 2503 Ven.
675 2468 792 2511 Coniuncta,

74 2517 204 2569 eandemque
220 2516 313 2556 formam
324 2518 374 2561 Brit.
383 2520 403 2560 2.
413 2518 530 2569 interponit
545 2523 647 2569 postest,
661 2518 721 2555 Poor.
738 2519 790 2558 Cou-
