1690 2654
238 128 281 169 Au
297 127 430 186 Ltssuxuut
446 126 589 167 PRIMUM.
725 121 773 167 201

57 236 171 273 structione
183 236 366 285 disiuncrtva',.uti
377 243 491 287 utrumque
503 225 621 286 oppositum
632 245 671 285 per
680 244 702 271 se
715 229 772 284 cogi-

57 288 98 324 tari
110 294 188 325 etcum
198 289 263 326 verbo
274 288 372 339 coniungi
384 289 465 338 potest,
479 288 542 325 etiam
554 286 725 334 locum'hahere,
739 296 773 322 res

58 345 88 377 est
100 339 214 380 notissima.
240 341 286 378 Non
302 347 347 378 erat
361 340 438 391 igitur,
452 340 510 389 quod
522 338 581 377 Wak.
596 339 621 376 de
635 336 773 387 ‚‚ahsoluto“

40 403 42 406 ⁴
57 403 94 429 usu
108 391 166 429 verbi
183 395 261 430 distare
275 392 410 441 loqueretur,
424 398 448 427 et*
461 391 534 426 locum
550 393 598 426 Hor.
614 391 649 438 Ep.
663 393 677 438 l,
689 391 721 436 17,
731 386 772 437 44„

57 443 114 480 cuius
123 450 208 492 prorsus
219 442 260 477 alia
271 448 301 477 est
311 443 376 487 ratio,
391 453 439 477 cum
451 448 523 477 nostro
534 446 673 490 compararet.

108 493 153 533 624.
181 495 238 540 (tund
248 493 262 530 i.
274 504 291 528 e.
305 491 420 528 secundum
434 490 500 541 quod;
515 491 556 529 vid.
567 493 592 528 ad
604 505 623 530 v,
634 493 680 530 222.
733 504 751 513 “

108 546 153 585 629.
181 539 249 589 Quum
261 543 284 580 in
294 543 390 580 omnibus
401 542 458 580 libris
468 542 542 588 Wak„
557 542 630 592 quihus
639 543 715 580 addere
724 555 772 593 pos-

56 601 206 634 sumcunctas
223 593 281 633 editt.
298 601 348 632 vett.
365 594 449 645 legetur
459 597 489 642 si,
503 594 539 632 ille
549 595 581 631 vir
592 594 665 631 doctus
675 606 717 631 non
728 594 772 631 sine

56 647 149 685 maxima
164 645 232 697 specie
247 645 341 682 veritatis
358 646 413 684 coni.
431 651 450 685 si
467 668 493 673 -
512 666 538 673 -—
556 661 597 684 non
614 657 697 684 suesset.
732 645 773 682 Sed

57 712 122 751 quum
134 698 169 736 hic
180 696 243 736 etiam
252 699 302 736 Har.
312 697 336 734 de
349 697 418 749 aliqua
429 709 515 735 suorum
526 696 589 735 Codd.
602 696 703 734 varietate
711 709 773 745 pror-

56 763 90 788 sus
105 750 174 798 sileat,
187 756 246 787 recte
256 749 374 787 mutatione
389 749 428 787 illa
438 749 459 786 in
470 755 570 787 contextu
579 748 640 788 Walt.
650 747 772 786 abstinuisse

55 802 144 841 videtur.
420 827 422 831 .
504 826 505 829 =

108 855 152 893 632.
179 850 308 901 Religionem
318 849 388 897 habui,
402 851 503 899 omnium,
518 856 623 901 quotquot
634 850 705 888 collati
715 856 770 898 sunt,

56 905 118 943 codd.
130 910 150 942 et
160 910 209 952 vett.
222 902 279 941 editt.
289 903 402 940 lectionem
413 906 486 947 nullis,
502 914 514 938 a
524 902 583 939 Wak.
595 908 702 952 receptam
712 909 733 938 et
745 902 771 939 ab

55 956 131 996 Eiehst.
145 953 260 1003 servitem,
274 966 345 991 rursus
357 953 464 999 deserere;
479 954 549 990 fateor
559 959 645 999 tamen,
660 952 771 991 Wakefiel-

56 1008 77 1045 di
94 1006 264 1055 explicationem,
285 1018 309 1042 ex
322 1018 363 1055 qua
378 1005 495 1052 Lucretius,
511 1012 626 1054 „opponat
640 1005 726 1051 atomis,
737 1004 772 1042 vel

55 1058 145 1097 minimis
157 1056 286 1106 corporibus,
298 1068 328 1103 ea,
339 1069 392 1106 quae
401 1056 549 1107 grandiuscula
559 1059 599 1094 sint
610 1063 712 1094 ettamen
722 1055 771 1093 sim·

54 1109 129 1161 plicia,
143 1108 205 1146 nullis
216 1119 292 1157 nempe
303 1114 366 1144 ancta
377 1108 480 1156 partibus,
494 1106 531 1144 sed
540 1107 649 1158 gignendis
658 1108 720 1145 rebus
727 1107 770 1145 ‘mi-

53 1171 93 1200 nus
108 1167 167 1210 apta.
182 1172 248 1209 quum
265 1159 344 1195 creatio
356 1171 399 1209 non
409 1158 458 1205 fiat,
472 1159 545 1194 nisiex
557 1159 691 1207 corporibus,
705 1172 771 1210 gran-

9 1248 13 1256 ,
55 1212 146 1250 dioribus
159 1210 200 1247 iliis
211 1209 306 1259 quidem,
320 1209 356 1246 sed
366 1222 423 1259 quae
435 1222 460 1246 ex
473 1209 565 1246 minimis
577 1210 696 1260 primordiis
706 1224 771 1260 coag-

54 1268 187 1310 metarentur,
201 1267 264 1311 atque
280 1260 302 1297 in
318 1261 391 1298 eadem
407 1261 483 1299 resolvi
496 1262 607 1311 possint,“
628 1275 703 1312 parum
719 1263 770 1300 mihi

55 1314 188 1358 satisfacere,
211 1318 231 1349 et
248 1312 343 1350 Lambini
359 1312 511 1362 coniecturam>
520 1316 600 1358 multis,
614 1315 691 1362 Fahro,
707 1315 770 1352 Gree-

55 1365 102 1404 chio
114 1372 135 1402 et
144 1365 196 1403 Har.
207 1364 331 1414 probatam,
345 1371 402 1402 certe
413 1365 475 1417 longe
486 1365 603 1403 faciliorem
614 1368 634 1402 'et
645 1365 770 1416 ampliorem

54 1417 156 1468 praehere
165 1428 253 1453 sensnm.
276 1416 347 1455 Gisan.
358 1417 472 1467 suspicatus
484 1424 520 1464 est,
532 1417 652 1455 Lucretium
664 1417 770 1468 scripsisse

54 1485 108 1521 quae
127 1470 184 1513 ullis,
199 1467 274 1518 idque,
288 1474 312 1504 ut
326 1467 394 1505 hiatus
412 1469 534 1516 tolleretur,
546 1469 568 1506 in
585 1472 648 1509 nullis
664 1477 770 1508 mutatum

55 1522 110 1565 esse3
124 1518 197 1568 quain
210 1531 233 1556 re
245 1531 279 1556 me
290 1519 405 1557 nonhabet
417 1521 572 1570 assentientem.

107 1571 152 1611 635.
178 1571 242 1623 quos]
256 1571 285 1608 sic
294 1570 353 1618 Wak.
367 1571 438 1611 eCod.
449 1572 497 1612 Brit.
507 1574 538 1617 23
552 1572 651 1622 idemque
666 1571 722 1610 velle
735 1571 769 1609 vi-

54 1621 117 1661 detur
132 1623 195 1660 lectio
209 1638 261 1673 quus
275 1622 298 1659 in
313 1622 378 1662 Codd.
395 1624 461 1676 Lugd.
476 1626 494 1663 2.
513 1623 572 1664 Vinci.
583 1624 640 1664 sodi.
653 1624 702 1661 Brit.
716 1625 733 1663 1.
748 1630 769 1661 et

55 1674 113 1712 editt.
124 1674 236 1712 Brixss'Ver.
249 1675 298 1713 Ven.
309 1674 354 1712 Atti.
366 1677 383 1714 1,
399 1678 460 1722 Bon.;
480 1676 544 1725 vulgo
556 1692 618 1728 qnae,
632 1675 692 1725 utin
704 1674 768 1717 Codd.

53 1725 120 1777 Lugd.
131 1728 149 1765 1.
161 1727 220 1762 uanr.
233 1725 282 1764 Brit.
294 1727 312 1766 3.
325 1725 347 1764 et
360 1727 418 1764 editt.
433 1732 486 1766 tunt.
499 1728 572 1768 11112.

105 1780 149 1829 Vss.
160 1775 205 1817 640.
216 1774 260 1817 641.
288 1780 369 1815 aFesto
380 1779 495 1816 afferuntur
504 1793 520 1819 s.
531 1794 550 1818 ν.
566 1778 668 1830 Quomck,
687 1777 713 1817 de
728 1791 769 1830 qua

54 1826 207 1875 coniunctione,
217 1829 262 1865 fere
270 1829 401 1868 Graecorum
413 1827 465 1881 ἥπερ
476 1832 622 1881 respondente,
631 1839 693 1883 atque
704 1833 768 1869 etiam

53 1882 88 1925 Ill,
99 1877 143 1925 794.
154 1887 177 1917 et
185 1882 209 1926 V,
221 1882 265 1933 133.
279 1881 350 1930 obvia,
366 1890 450 1932 praeter
464 1884 520 1921 hunc
539 1884 716 1928 Grammaficum,
734 1884 769 1932 (in

55 1930 169 1983 cuiusloco
181 1944 220 1980 pro
230 1935 290 1971 Livio
302 1932 414 1984 legendum
426 1947 469 1971 esse
477 1938 564 1974 Ennium
574 1941 621 1985 post
631 1934 732 1971 Merulam
741 1933 769 1971 ad

53 1980 171 2032 Enniumvp.
180 1985 226 2023 216.
241 1985 332 2022 ostendit
342 1989 416 2025 Osann.
425 1987 447 2023 in
457 1986 515 2025 Anat.
527 1987 573 2024 crit.
585 2000 604 2024 c.
614 1987 649 2035 2.)
664 1985 721 2025 conf.
731 1987 768 2023 Fa·

54 2034 92 2074 her
103 2032 130 2070 ad
140 2032 160 2071 h.
171 2034 185 2073 I.
198 2042 219 2072 et
230 2035 314 2076 Pianck.
324 2036 351 2074 ad
361 2038 420 2074 Ennii
432 2037 484 2075 Med.
495 2051 516 2087 p.
527 2039 559 2077 87.
746 2064 747 2068 =
826 2077 829 2079 .

97 2082 150 2142 ¹645.
172 2086 251 2137 fucato
268 2089 351 2139 sonore]
370 2089 419 2130 Cod.
434 2089 483 2128 Brit.
498 2091 518 2130 2.
538 2091 610 2129 colore.
633 2087 695 2130 Wak.
712 2088 769 2127 male

54 2148 108 2175 com.
122 2136 207 2175 dulcata
217 2154 296 2179 sonore.
331 2156 335 2164 ‘
557 2156 560 2160 ·

106 2186 151 2226 650.
177 2198 233 2228 totus
242 2207 303 2243 super
312 2194 366 2244 ignis
377 2205 426 2230 cum
437 2193 504 2230 Fabro
511 2198 532 2229 et
537 2193 588 2231 Hav.
604 2190 715 2242 (aquibus
726 2204 769 2229 non

7 2287 9 2290 ,
54 2237 160 2295 dissentire
170 2237 252 2278 videtur
262 2242 336 2292 Wak.)
352 2245 443 2295 explico:
458 2244 525 2282 omnis
539 2243 603 2294 ignis,
617 2245 653 2294 qui
666 2250 767 2293 superest,

53 2292 67 2329 i.
80 2301 97 2327 e.
108 2288 200 2346 reliquus
210 2291 271 2341 ignis.
286 2295 366 2345 Lamh„
381 2294 460 2344 Giton„
471 2296 580 2333 Turnebus
594 2296 603 2342 (
610 2295 701 2334 Adverss.
712 2297 767 2344 XIX,

54 2341 197 2397 15.).V0581US
212 2343 251 2389 (de
263 2346 317 2384 anal.
329 2350 353 2393 ll,
366 2349 412 2397 25.)
427 2364 487 2399 super
503 2360 541 2396 pro
557 2359 653 2396 superus,
665 2346 680 2385 i.
697 2358 714 2385 e.
730 2359 768 2384 ae-

53 2392 143 2433 therms,
159 2391 254 2431 coelestis
268 2398 386 2448 accipiunt,
400 2402 456 2451 quod
470 2400 492 2437 in
504 2400 561 2436 hunc
576 2399 647 2436 locum
659 2411 702 2435 non
718 2411 769 2449 qna-

55 2444 108 2482 drat.
133 2445 200 2501 ¹Super
215 2451 285 2484 autem
300 2461 312 2486 a
327 2452 438 2502 Romanis,
453 2459 477 2489 ut
491 2465 503 2488 a
514 2451 600 2488 Graecis
612 2447 675 2500 πρός,
686 2450 768 2500 saepius

54 2492 200 2534 adverblalltel'
208 2496 259 2545 poni
271 2506 359 2549 constat.
372 2504 445 2555 Wak„
459 2504 517 2556 quod
527 2504 618 2542 Graecos
630 2503 716 2552 attinet,
729 2512 767 2539 nos
