<?xml version="1.0" encoding="UTF-8"?>
<!DOCTYPE html PUBLIC "-//W3C//DTD XHTML 1.0 Transitional//EN"
    "http://www.w3.org/TR/xhtml1/DTD/xhtml1-transitional.dtd">
<html xmlns="http://www.w3.org/1999/xhtml" xml:lang="en" lang="en">
 <head>
  <title>
</title>
<meta http-equiv="Content-Type" content="text/html;charset=utf-8" />
  <meta name='ocr-system' content='tesseract 3.04.00' />
  <meta name='ocr-capabilities' content='ocr_page ocr_carea ocr_par ocr_line ocrx_word'/>
</head>
<body>
  <div class='ocr_page' id='page_1' title='image "./MN40048ucmf_3_0616.png"; bbox 0 0 1690 2654; ppageno 0'>
   <div class='ocr_carea' id='block_1_1' title="bbox 79 70 578 117">
    <p class='ocr_par' dir='ltr' id='par_1_1' title="bbox 79 70 578 117">
     <span class='ocr_line' id='line_1_1' title="bbox 79 70 578 117; baseline -0.01 0"><span class='ocrx_word' id='word_1_1' title='bbox 79 70 128 117; x_wconf 81' lang='grc'><em>518</em></span> <span class='ocrx_word' id='word_1_2' title='bbox 299 70 578 114; x_wconf 75' lang='lat' dir='ltr'><strong>ANNOTATIONES</strong></span> 
     </span>
    </p>
   </div>
   <div class='ocr_carea' id='block_1_2' title="bbox 69 179 800 636">
    <p class='ocr_par' dir='ltr' id='par_1_2' title="bbox 69 179 800 636">
     <span class='ocr_line' id='line_1_2' title="bbox 80 179 798 233; baseline -0.003 -13"><span class='ocrx_word' id='word_1_3' title='bbox 80 182 125 220; x_wconf 76' lang='lat' dir='ltr'><strong>Afr.</strong></span> <span class='ocrx_word' id='word_1_4' title='bbox 143 183 162 221; x_wconf 88' lang='lat'><strong>8.</strong></span> <span class='ocrx_word' id='word_1_5' title='bbox 180 182 263 228; x_wconf 85' lang='lat' dir='ltr'><strong>(rursus</strong></span> <span class='ocrx_word' id='word_1_6' title='bbox 282 180 356 220; x_wconf 80' lang='lat' dir='ltr'><em>vittose</em></span> <span class='ocrx_word' id='word_1_7' title='bbox 370 192 408 231; x_wconf 87' lang='lat' dir='ltr'><em>pro</em></span> <span class='ocrx_word' id='word_1_8' title='bbox 430 181 475 232; x_wconf 91' lang='lat'><strong>10.)</strong></span> <span class='ocrx_word' id='word_1_9' title='bbox 494 187 557 233; x_wconf 83' lang='lat' dir='ltr'><em>atque</em></span> <span class='ocrx_word' id='word_1_10' title='bbox 578 180 681 222; x_wconf 71' lang='lat' dir='ltr'><em>Drakenb.</em></span> <span class='ocrx_word' id='word_1_11' title='bbox 706 180 732 219; x_wconf 82' lang='lat' dir='ltr'><em>ad</em></span> <span class='ocrx_word' id='word_1_12' title='bbox 755 179 798 219; x_wconf 82' lang='lat' dir='ltr'><strong>Liv.</strong></span> 
     </span>
     <span class='ocr_line' id='line_1_3' title="bbox 80 234 216 281; baseline -0.007 -10"><span class='ocrx_word' id='word_1_13' title='bbox 80 234 167 281; x_wconf 77' lang='lat' dir='ltr'><strong>xxxv,</strong></span> <span class='ocrx_word' id='word_1_14' title='bbox 182 234 216 273; x_wconf 78' lang='lat' dir='ltr'><em>oo.</em></span> 
     </span>
     <span class='ocr_line' id='line_1_4' title="bbox 132 282 800 334; baseline -0.007 -9"><span class='ocrx_word' id='word_1_15' title='bbox 132 286 178 325; x_wconf 81' lang='grc'><strong>730.</strong></span> <span class='ocrx_word' id='word_1_16' title='bbox 204 287 262 330; x_wconf 77' lang='lat' dir='ltr'><em>eius]</em></span> <span class='ocrx_word' id='word_1_17' title='bbox 277 283 336 322; x_wconf 88' lang='lat' dir='ltr'><strong>Bodl.</strong></span> <span class='ocrx_word' id='word_1_18' title='bbox 343 282 403 321; x_wconf 84' lang='lat' dir='ltr'><em>Vind.</em></span> <span class='ocrx_word' id='word_1_19' title='bbox 413 282 463 323; x_wconf 85' lang='lat' dir='ltr'><strong>Brit.</strong></span> <span class='ocrx_word' id='word_1_20' title='bbox 474 285 516 324; x_wconf 84' lang='lat'><strong>1.3.</strong></span> <span class='ocrx_word' id='word_1_21' title='bbox 528 285 580 323; x_wconf 74' lang='lat' dir='ltr'><strong>Brix.</strong></span> <span class='ocrx_word' id='word_1_22' title='bbox 589 286 636 322; x_wconf 89' lang='lat' dir='ltr'><em>Ver.</em></span> <span class='ocrx_word' id='word_1_23' title='bbox 644 285 696 325; x_wconf 87' lang='lat' dir='ltr'><em>Ven.</em></span> <span class='ocrx_word' id='word_1_24' title='bbox 706 286 731 332; x_wconf 83' lang='lat' dir='ltr'><em>ci,</em></span> <span class='ocrx_word' id='word_1_25' title='bbox 742 282 800 334; x_wconf 85' lang='lat' dir='ltr'><em>quod</em></span> 
     </span>
     <span class='ocr_line' id='line_1_5' title="bbox 79 335 774 387; baseline 0 -12"><span class='ocrx_word' id='word_1_26' title='bbox 79 335 141 386; x_wconf 63' lang='lat' dir='ltr'><strong>wat.</strong></span> <span class='ocrx_word' id='word_1_27' title='bbox 153 336 204 374; x_wconf 86' lang='lat' dir='ltr'><em>dicit</em></span> <span class='ocrx_word' id='word_1_28' title='bbox 213 336 276 373; x_wconf 78' lang='lat' dir='ltr'><em>facile</em></span> <span class='ocrx_word' id='word_1_29' title='bbox 289 335 339 373; x_wconf 85' lang='lat' dir='ltr'><em>oriri</em></span> <span class='ocrx_word' id='word_1_30' title='bbox 349 335 439 386; x_wconf 87' lang='lat' dir='ltr'><em>potuisse</em></span> <span class='ocrx_word' id='word_1_31' title='bbox 452 348 464 373; x_wconf 89' lang='lat' dir='ltr'><strong>c</strong></span> <span class='ocrx_word' id='word_1_32' title='bbox 480 337 604 387; x_wconf 86' lang='lat' dir='ltr'><em>compendio</em></span> <span class='ocrx_word' id='word_1_33' title='bbox 615 337 730 385; x_wconf 75' lang='lat' dir='ltr'><strong>scripturae</strong></span> <span class='ocrx_word' id='word_1_34' title='bbox 743 339 774 375; x_wconf 68' lang='lat' dir='ltr'><em>ed.</em></span> 
     </span>
     <span class='ocr_line' id='line_1_6' title="bbox 133 386 799 440; baseline -0.005 -13"><span class='ocrx_word' id='word_1_35' title='bbox 133 388 177 428; x_wconf 75' lang='lat'><strong>732.</strong></span> <span class='ocrx_word' id='word_1_36' title='bbox 204 390 328 435; x_wconf 83' lang='lat' dir='ltr'><em>coniiciunt]</em></span> <span class='ocrx_word' id='word_1_37' title='bbox 348 389 410 426; x_wconf 71' lang='lat' dir='ltr'><strong>Poor.</strong></span> <span class='ocrx_word' id='word_1_38' title='bbox 425 388 482 427; x_wconf 84' lang='lat' dir='ltr'><strong>Cant.</strong></span> <span class='ocrx_word' id='word_1_39' title='bbox 500 390 624 440; x_wconf 55' lang='lat' dir='ltr'><em>condolent,</em></span> <span class='ocrx_word' id='word_1_40' title='bbox 644 400 709 439; x_wconf 79' lang='lat' dir='ltr'><em>quare</em></span> <span class='ocrx_word' id='word_1_41' title='bbox 725 386 799 435; x_wconf 76' lang='lat' dir='ltr'><strong>wat,</strong></span> 
     </span>
     <span class='ocr_line' id='line_1_7' title="bbox 80 438 532 491; baseline -0.002 -12"><span class='ocrx_word' id='word_1_42' title='bbox 80 439 176 491; x_wconf 85' lang='lat' dir='ltr'><em>cupidius</em></span> <span class='ocrx_word' id='word_1_43' title='bbox 187 441 270 490; x_wconf 84' lang='lat' dir='ltr'><em>utique,</em></span> <span class='ocrx_word' id='word_1_44' title='bbox 284 438 402 488; x_wconf 88' lang='lat' dir='ltr'><strong>suspicatur</strong></span> <span class='ocrx_word' id='word_1_45' title='bbox 411 442 518 479; x_wconf 79' lang='lat' dir='ltr'><em>coniciens.</em></span> <span class='ocrx_word' id='word_1_46' title='bbox 529 455 532 457; x_wconf 94' lang='lat'>·</span> 
     </span>
     <span class='ocr_line' id='line_1_8' title="bbox 69 487 800 541; baseline -0.005 -10"><span class='ocrx_word' id='word_1_47' title='bbox 69 497 72 500; x_wconf 74' lang='grc'><em>’</em></span> <span class='ocrx_word' id='word_1_48' title='bbox 132 492 177 531; x_wconf 78' lang='lat'><strong>735.</strong></span> <span class='ocrx_word' id='word_1_49' title='bbox 204 494 301 531; x_wconf 75' lang='lat' dir='ltr'><em>Forsitan</em></span> <span class='ocrx_word' id='word_1_50' title='bbox 315 490 503 540; x_wconf 73' lang='lat' dir='ltr'><em>(velpotiuchrsit</em></span> <span class='ocrx_word' id='word_1_51' title='bbox 514 501 547 541; x_wconf 84' lang='lat' dir='ltr'><em>on,</em></span> <span class='ocrx_word' id='word_1_52' title='bbox 553 497 577 529; x_wconf 91' lang='lat' dir='ltr'><em>ut</em></span> <span class='ocrx_word' id='word_1_53' title='bbox 583 491 626 541; x_wconf 86' lang='lat' dir='ltr'><em>ipse</em></span> <span class='ocrx_word' id='word_1_54' title='bbox 637 490 723 538; x_wconf 65' lang='lat' dir='ltr'><strong>scribit]</strong></span> <span class='ocrx_word' id='word_1_55' title='bbox 737 487 800 527; x_wconf 85' lang='lat' dir='ltr'><strong>Wak.</strong></span> 
     </span>
     <span class='ocr_line' id='line_1_9' title="bbox 69 541 798 595; baseline -0.003 -15"><span class='ocrx_word' id='word_1_56' title='bbox 69 555 105 581; x_wconf 79' lang='lat' dir='ltr'><em>ex</em></span> <span class='ocrx_word' id='word_1_57' title='bbox 115 543 212 580; x_wconf 88' lang='lat' dir='ltr'><strong>omuibus</strong></span> <span class='ocrx_word' id='word_1_58' title='bbox 222 541 280 580; x_wconf 82' lang='lat' dir='ltr'><strong>libris</strong></span> <span class='ocrx_word' id='word_1_59' title='bbox 291 542 383 580; x_wconf 81' lang='lat' dir='ltr'><strong>restituit</strong></span> <span class='ocrx_word' id='word_1_60' title='bbox 397 555 436 592; x_wconf 88' lang='lat' dir='ltr'><em>pro</em></span> <span class='ocrx_word' id='word_1_61' title='bbox 448 543 533 594; x_wconf 84' lang='lat' dir='ltr'><strong>vulgato</strong></span> <span class='ocrx_word' id='word_1_62' title='bbox 544 547 612 583; x_wconf 81' lang='lat' dir='ltr'><strong>Forsit</strong></span> <span class='ocrx_word' id='word_1_63' title='bbox 622 554 648 592; x_wconf 82' lang='lat' dir='ltr'><em>et,</em></span> <span class='ocrx_word' id='word_1_64' title='bbox 660 542 717 595; x_wconf 83' lang='lat' dir='ltr'><em>quod</em></span> <span class='ocrx_word' id='word_1_65' title='bbox 725 541 798 580; x_wconf 85' lang='lat' dir='ltr'><strong>Lamb.</strong></span> 
     </span>
     <span class='ocr_line' id='line_1_10' title="bbox 79 593 557 636; baseline 0.002 -2"><span class='ocrx_word' id='word_1_66' title='bbox 79 595 133 634; x_wconf 82' lang='lat' dir='ltr'><em>fecit</em></span> <span class='ocrx_word' id='word_1_67' title='bbox 143 608 155 633; x_wconf 87' lang='lat' dir='ltr'><em>e</em></span> <span class='ocrx_word' id='word_1_68' title='bbox 168 594 260 632; x_wconf 89' lang='lat' dir='ltr'><strong>duorum</strong></span> <span class='ocrx_word' id='word_1_69' title='bbox 272 593 338 632; x_wconf 87' lang='lat' dir='ltr'><em>codd.</em></span> <span class='ocrx_word' id='word_1_70' title='bbox 349 593 440 632; x_wconf 86' lang='lat' dir='ltr'><em>lectione</em></span> <span class='ocrx_word' id='word_1_71' title='bbox 448 598 517 634; x_wconf 82' lang='lat' dir='ltr'><strong>Forsit</strong></span> <span class='ocrx_word' id='word_1_72' title='bbox 528 606 557 636; x_wconf 76' lang='lat' dir='ltr'><em>ot.</em></span> 
     </span>
    </p>
   </div>
   <div class='ocr_carea' id='block_1_3' title="bbox 78 654 800 1331">
    <p class='ocr_par' dir='ltr' id='par_1_3' title="bbox 78 654 800 1331">
     <span class='ocr_line' id='line_1_11' title="bbox 132 654 800 708; baseline -0.004 -9"><span class='ocrx_word' id='word_1_73' title='bbox 132 659 177 699; x_wconf 81' lang='lat'><strong>737.</strong></span> <span class='ocrx_word' id='word_1_74' title='bbox 205 657 298 706; x_wconf 79' lang='lat' dir='ltr'><em>Crescat]</em></span> <span class='ocrx_word' id='word_1_75' title='bbox 311 656 356 695; x_wconf 80' lang='lat' dir='ltr'><strong>tul.</strong></span> <span class='ocrx_word' id='word_1_76' title='bbox 366 659 383 696; x_wconf 83' lang='lat'><strong>1.</strong></span> <span class='ocrx_word' id='word_1_77' title='bbox 395 657 446 695; x_wconf 86' lang='lat' dir='ltr'><strong>Bou.</strong></span> <span class='ocrx_word' id='word_1_78' title='bbox 460 660 542 696; x_wconf 79' lang='lat' dir='ltr'><em>Crescit·</em></span> <span class='ocrx_word' id='word_1_79' title='bbox 556 678 581 685; x_wconf 89' lang='lat'><strong>—</strong></span> <span class='ocrx_word' id='word_1_80' title='bbox 595 657 661 708; x_wconf 72' lang='lat' dir='ltr'><em>cibos]</em></span> <span class='ocrx_word' id='word_1_81' title='bbox 674 654 800 696; x_wconf 78' lang='lat' dir='ltr'><strong>Badtvmd.</strong></span> 
     </span>
     <span class='ocr_line' id='line_1_12' title="bbox 80 706 800 753; baseline -0.006 -4"><span class='ocrx_word' id='word_1_82' title='bbox 80 711 143 749; x_wconf 84' lang='lat' dir='ltr'><strong>Poor.</strong></span> <span class='ocrx_word' id='word_1_83' title='bbox 155 709 204 749; x_wconf 83' lang='lat' dir='ltr'><strong>Brit.</strong></span> <span class='ocrx_word' id='word_1_84' title='bbox 215 711 233 749; x_wconf 87' lang='lat'><strong>1.</strong></span> <span class='ocrx_word' id='word_1_85' title='bbox 243 711 263 748; x_wconf 84' lang='lat'><strong>3.</strong></span> <span class='ocrx_word' id='word_1_86' title='bbox 274 710 330 749; x_wconf 84' lang='lat' dir='ltr'><strong>Cant.</strong></span> <span class='ocrx_word' id='word_1_87' title='bbox 342 710 395 746; x_wconf 71' lang='lat' dir='ltr'><strong>Brit.</strong></span> <span class='ocrx_word' id='word_1_88' title='bbox 406 710 454 746; x_wconf 87' lang='lat' dir='ltr'><em>Ver.</em></span> <span class='ocrx_word' id='word_1_89' title='bbox 465 710 516 746; x_wconf 81' lang='lat' dir='ltr'><em>Ven.</em></span> <span class='ocrx_word' id='word_1_90' title='bbox 528 709 572 747; x_wconf 84' lang='lat' dir='ltr'><strong>Ald.</strong></span> <span class='ocrx_word' id='word_1_91' title='bbox 584 711 602 749; x_wconf 87' lang='lat'><strong>1.</strong></span> <span class='ocrx_word' id='word_1_92' title='bbox 614 712 663 748; x_wconf 87' lang='lat' dir='ltr'><strong>Bon.</strong></span> <span class='ocrx_word' id='word_1_93' title='bbox 675 711 743 753; x_wconf 60' lang='lat' dir='ltr'><em>cibem</em></span> <span class='ocrx_word' id='word_1_94' title='bbox 762 706 800 745; x_wconf 87' lang='lat' dir='ltr'><em>sed</em></span> 
     </span>
     <span class='ocr_line' id='line_1_13' title="bbox 79 759 800 812; baseline -0.004 -12"><span class='ocrx_word' id='word_1_95' title='bbox 79 769 188 811; x_wconf 78' lang='lat' dir='ltr'><strong>receptam</strong></span> <span class='ocrx_word' id='word_1_96' title='bbox 199 760 314 799; x_wconf 86' lang='lat' dir='ltr'><em>lectionem</em></span> <span class='ocrx_word' id='word_1_97' title='bbox 324 766 409 810; x_wconf 79' lang='lat' dir='ltr'><em>praeter</em></span> <span class='ocrx_word' id='word_1_98' title='bbox 417 760 483 812; x_wconf 82' lang='lat' dir='ltr'><strong>Lugd.</strong></span> <span class='ocrx_word' id='word_1_99' title='bbox 491 763 509 800; x_wconf 84' lang='lat'><strong>1.</strong></span> <span class='ocrx_word' id='word_1_100' title='bbox 519 762 539 801; x_wconf 77' lang='grc'><em>2.</em></span> <span class='ocrx_word' id='word_1_101' title='bbox 549 763 603 800; x_wconf 83' lang='lat' dir='ltr'><strong>lunt.</strong></span> <span class='ocrx_word' id='word_1_102' title='bbox 614 761 660 800; x_wconf 82' lang='lat' dir='ltr'><strong>Ald.</strong></span> <span class='ocrx_word' id='word_1_103' title='bbox 670 763 690 802; x_wconf 78' lang='grc'><em>2.</em></span> <span class='ocrx_word' id='word_1_104' title='bbox 704 759 800 811; x_wconf 81' lang='lat' dir='ltr'><strong>agnoscit</strong></span> 
     </span>
     <span class='ocr_line' id='line_1_14' title="bbox 80 811 800 864; baseline -0.004 -13"><span class='ocrx_word' id='word_1_105' title='bbox 80 813 145 852; x_wconf 84' lang='lat' dir='ltr'><em>etiam</em></span> <span class='ocrx_word' id='word_1_106' title='bbox 157 813 246 861; x_wconf 79' lang='lat' dir='ltr'><em>Servius,</em></span> <span class='ocrx_word' id='word_1_107' title='bbox 261 812 297 863; x_wconf 84' lang='lat' dir='ltr'><em>qui</em></span> <span class='ocrx_word' id='word_1_108' title='bbox 308 813 335 851; x_wconf 90' lang='lat' dir='ltr'><em>ad</em></span> <span class='ocrx_word' id='word_1_109' title='bbox 345 813 402 864; x_wconf 83' lang='lat' dir='ltr'><strong>Virg.</strong></span> <span class='ocrx_word' id='word_1_110' title='bbox 413 815 463 853; x_wconf 79' lang='lat' dir='ltr'><em>Aen.</em></span> <span class='ocrx_word' id='word_1_111' title='bbox 474 814 508 860; x_wconf 88' lang='lat' dir='ltr'><em>IV,</em></span> <span class='ocrx_word' id='word_1_112' title='bbox 518 814 562 854; x_wconf 73' lang='lat'><strong>250.</strong></span> <span class='ocrx_word' id='word_1_113' title='bbox 573 826 585 856; x_wconf 83' lang='lat' dir='ltr'><em>e</em></span> <span class='ocrx_word' id='word_1_114' title='bbox 596 813 644 851; x_wconf 88' lang='lat' dir='ltr'><strong>loco</strong></span> <span class='ocrx_word' id='word_1_115' title='bbox 655 818 726 851; x_wconf 86' lang='lat' dir='ltr'><strong>nostro</strong></span> <span class='ocrx_word' id='word_1_116' title='bbox 736 811 800 848; x_wconf 84' lang='lat' dir='ltr'><em>affert</em></span> 
     </span>
     <span class='ocr_line' id='line_1_15' title="bbox 79 862 799 917; baseline -0.006 -14"><span class='ocrx_word' id='word_1_117' title='bbox 79 865 144 903; x_wconf 89' lang='lat' dir='ltr'><em>verba</em></span> <span class='ocrx_word' id='word_1_118' title='bbox 156 866 214 903; x_wconf 82' lang='lat' dir='ltr'><strong>albos</strong></span> <span class='ocrx_word' id='word_1_119' title='bbox 224 865 327 916; x_wconf 73' lang='lat' dir='ltr'><em>efferrdere</em></span> <span class='ocrx_word' id='word_1_120' title='bbox 338 867 430 917; x_wconf 79' lang='lat' dir='ltr'><em>ningues.</em></span> <span class='ocrx_word' id='word_1_121' title='bbox 444 886 470 892; x_wconf 90' lang='lat'><em>-</em></span> <span class='ocrx_word' id='word_1_122' title='bbox 483 866 616 915; x_wconf 79' lang='lat' dir='ltr'><em>descendere]</em></span> <span class='ocrx_word' id='word_1_123' title='bbox 631 865 661 903; x_wconf 90' lang='lat' dir='ltr'><em>sic</em></span> <span class='ocrx_word' id='word_1_124' title='bbox 671 864 711 902; x_wconf 89' lang='lat' dir='ltr'><strong>soli</strong></span> <span class='ocrx_word' id='word_1_125' title='bbox 720 862 768 901; x_wconf 87' lang='lat' dir='ltr'><strong>Brit.</strong></span> <span class='ocrx_word' id='word_1_126' title='bbox 780 864 799 902; x_wconf 89' lang='lat'><strong>1.</strong></span> 
     </span>
     <span class='ocr_line' id='line_1_16' title="bbox 78 914 798 965; baseline -0.006 -9"><span class='ocrx_word' id='word_1_127' title='bbox 78 917 109 962; x_wconf 65' lang='lat'><strong>3..</strong></span> <span class='ocrx_word' id='word_1_128' title='bbox 123 917 159 954; x_wconf 89' lang='lat' dir='ltr'><em>sed</em></span> <span class='ocrx_word' id='word_1_129' title='bbox 170 915 292 956; x_wconf 71' lang='lat' dir='ltr'><strong>todttfind.</strong></span> <span class='ocrx_word' id='word_1_130' title='bbox 304 918 361 954; x_wconf 86' lang='lat' dir='ltr'><strong>Cant.</strong></span> <span class='ocrx_word' id='word_1_131' title='bbox 373 922 394 954; x_wconf 88' lang='lat' dir='ltr'><em>et</em></span> <span class='ocrx_word' id='word_1_132' title='bbox 403 929 476 955; x_wconf 86' lang='lat' dir='ltr'><em>omnes</em></span> <span class='ocrx_word' id='word_1_133' title='bbox 487 916 546 955; x_wconf 81' lang='lat' dir='ltr'><strong>editt.</strong></span> <span class='ocrx_word' id='word_1_134' title='bbox 556 923 605 955; x_wconf 87' lang='lat' dir='ltr'><strong>vett.</strong></span> <span class='ocrx_word' id='word_1_135' title='bbox 618 920 718 963; x_wconf 82' lang='lat' dir='ltr'><em>decedere,</em></span> <span class='ocrx_word' id='word_1_136' title='bbox 731 914 798 965; x_wconf 83' lang='lat' dir='ltr'><strong>Lugd.</strong></span> 
     </span>
     <span class='ocr_line' id='line_1_17' title="bbox 79 966 798 1019; baseline -0.007 -12"><span class='ocrx_word' id='word_1_137' title='bbox 79 971 98 1007; x_wconf 87' lang='lat'><strong>1.</strong></span> <span class='ocrx_word' id='word_1_138' title='bbox 110 970 129 1007; x_wconf 75' lang='lat'><strong>2.</strong></span> <span class='ocrx_word' id='word_1_139' title='bbox 142 971 256 1016; x_wconf 80' lang='lat' dir='ltr'><em>discedere,</em></span> <span class='ocrx_word' id='word_1_140' title='bbox 270 969 330 1006; x_wconf 82' lang='lat' dir='ltr'><strong>Poor.</strong></span> <span class='ocrx_word' id='word_1_141' title='bbox 344 970 447 1016; x_wconf 80' lang='lat' dir='ltr'><em>decidere,</em></span> <span class='ocrx_word' id='word_1_142' title='bbox 461 967 542 1007; x_wconf 85' lang='lat' dir='ltr'><em>Servius</em></span> <span class='ocrx_word' id='word_1_143' title='bbox 554 969 655 1019; x_wconf 82' lang='lat' dir='ltr'><em>denique,</em></span> <span class='ocrx_word' id='word_1_144' title='bbox 670 975 693 1006; x_wconf 91' lang='lat' dir='ltr'><em>ut</em></span> <span class='ocrx_word' id='word_1_145' title='bbox 702 966 798 1010; x_wconf 85' lang='lat' dir='ltr'><em>vidimus,</em></span> 
     </span>
     <span class='ocr_line' id='line_1_18' title="bbox 80 1018 800 1072; baseline -0.006 -14"><span class='ocrx_word' id='word_1_146' title='bbox 80 1020 195 1072; x_wconf 81' lang='lat' dir='ltr'><em>effundere,·</em></span> <span class='ocrx_word' id='word_1_147' title='bbox 216 1031 281 1069; x_wconf 84' lang='lat' dir='ltr'><em>quare</em></span> <span class='ocrx_word' id='word_1_148' title='bbox 290 1018 352 1058; x_wconf 79' lang='lat' dir='ltr'><strong>Wat.</strong></span> <span class='ocrx_word' id='word_1_149' title='bbox 363 1019 418 1059; x_wconf 87' lang='lat' dir='ltr'><strong>coni.</strong></span> <span class='ocrx_word' id='word_1_150' title='bbox 433 1020 550 1072; x_wconf 83' lang='lat' dir='ltr'><em>defundere.</em></span> <span class='ocrx_word' id='word_1_151' title='bbox 577 1020 661 1070; x_wconf 79' lang='lat' dir='ltr'><em>Saepius</em></span> <span class='ocrx_word' id='word_1_152' title='bbox 677 1025 748 1058; x_wconf 88' lang='lat' dir='ltr'><strong>autem</strong></span> <span class='ocrx_word' id='word_1_153' title='bbox 758 1019 800 1055; x_wconf 89' lang='lat' dir='ltr'><em>Lu·</em></span> 
     </span>
     <span class='ocr_line' id='line_1_19' title="bbox 80 1070 800 1111; baseline -0.001 -2"><span class='ocrx_word' id='word_1_154' title='bbox 80 1071 157 1109; x_wconf 86' lang='lat' dir='ltr'><em>cretius</em></span> <span class='ocrx_word' id='word_1_155' title='bbox 172 1071 236 1108; x_wconf 78' lang='lat' dir='ltr'><em>verto</em></span> <span class='ocrx_word' id='word_1_156' title='bbox 251 1073 372 1111; x_wconf 85' lang='lat' dir='ltr'><em>descendere</em></span> <span class='ocrx_word' id='word_1_157' title='bbox 381 1070 449 1108; x_wconf 81' lang='lat' dir='ltr'><strong>utitur</strong></span> <span class='ocrx_word' id='word_1_158' title='bbox 465 1071 568 1109; x_wconf 88' lang='lat' dir='ltr'><em>derebus</em></span> <span class='ocrx_word' id='word_1_159' title='bbox 584 1071 672 1110; x_wconf 86' lang='lat' dir='ltr'><em>coelitus</em></span> <span class='ocrx_word' id='word_1_160' title='bbox 685 1071 800 1109; x_wconf 85' lang='lat' dir='ltr'><em>interram</em></span> 
     </span>
     <span class='ocr_line' id='line_1_20' title="bbox 81 1120 799 1173; baseline 0.001 -14"><span class='ocrx_word' id='word_1_161' title='bbox 81 1122 211 1170; x_wconf 79' lang='lat' dir='ltr'><em>cadentibus,</em></span> <span class='ocrx_word' id='word_1_162' title='bbox 225 1122 322 1171; x_wconf 82' lang='lat' dir='ltr'><em>inprimis</em></span> <span class='ocrx_word' id='word_1_163' title='bbox 334 1122 360 1160; x_wconf 89' lang='lat' dir='ltr'><em>de</em></span> <span class='ocrx_word' id='word_1_164' title='bbox 371 1121 468 1162; x_wconf 79' lang='lat' dir='ltr'><strong>fulmine.</strong></span> <span class='ocrx_word' id='word_1_165' title='bbox 495 1123 570 1169; x_wconf 85' lang='lat' dir='ltr'><strong>(Conf.</strong></span> <span class='ocrx_word' id='word_1_166' title='bbox 582 1125 617 1173; x_wconf 87' lang='lat' dir='ltr'><em>VI,</em></span> <span class='ocrx_word' id='word_1_167' title='bbox 629 1120 729 1163; x_wconf 63' lang='grc'><strong>401417.</strong></span> <span class='ocrx_word' id='word_1_168' title='bbox 741 1120 799 1169; x_wconf 80' lang='lat'><strong>438.)</strong></span> 
     </span>
     <span class='ocr_line' id='line_1_21' title="bbox 79 1173 799 1226; baseline -0.006 -13"><span class='ocrx_word' id='word_1_169' title='bbox 79 1196 106 1203; x_wconf 93' lang='lat'>-</span> <span class='ocrx_word' id='word_1_170' title='bbox 120 1174 219 1226; x_wconf 81' lang='lat' dir='ltr'><em>ningues]</em></span> <span class='ocrx_word' id='word_1_171' title='bbox 239 1174 403 1225; x_wconf 74' lang='lat' dir='ltr'><strong>sicLugd.1.2.</strong></span> <span class='ocrx_word' id='word_1_172' title='bbox 420 1174 481 1214; x_wconf 82' lang='lat' dir='ltr'><em>Vind.</em></span> <span class='ocrx_word' id='word_1_173' title='bbox 493 1176 551 1213; x_wconf 85' lang='lat' dir='ltr'><strong>Cant.</strong></span> <span class='ocrx_word' id='word_1_174' title='bbox 565 1176 620 1213; x_wconf 82' lang='lat' dir='ltr'><strong>lunt.</strong></span> <span class='ocrx_word' id='word_1_175' title='bbox 634 1173 679 1212; x_wconf 88' lang='lat' dir='ltr'><strong>Ald.</strong></span> <span class='ocrx_word' id='word_1_176' title='bbox 689 1176 708 1215; x_wconf 72' lang='grc' dir='ltr'><em>Ξ.</em></span> <span class='ocrx_word' id='word_1_177' title='bbox 721 1180 742 1210; x_wconf 91' lang='lat' dir='ltr'><em>et</em></span> <span class='ocrx_word' id='word_1_178' title='bbox 753 1175 799 1210; x_wconf 87' lang='lat' dir='ltr'><em>Ser-</em></span> 
     </span>
     <span class='ocr_line' id='line_1_22' title="bbox 80 1225 799 1279; baseline 0 -15"><span class='ocrx_word' id='word_1_179' title='bbox 80 1227 138 1272; x_wconf 79' lang='lat' dir='ltr'><strong>vius3</strong></span> <span class='ocrx_word' id='word_1_180' title='bbox 152 1228 213 1264; x_wconf 85' lang='lat' dir='ltr'><strong>Poor.</strong></span> <span class='ocrx_word' id='word_1_181' title='bbox 225 1227 322 1276; x_wconf 75' lang='lat' dir='ltr'><em>ningms,</em></span> <span class='ocrx_word' id='word_1_182' title='bbox 336 1225 385 1265; x_wconf 89' lang='lat' dir='ltr'><strong>Brit.</strong></span> <span class='ocrx_word' id='word_1_183' title='bbox 399 1226 418 1266; x_wconf 83' lang='lat' dir='ltr'><strong>l.</strong></span> <span class='ocrx_word' id='word_1_184' title='bbox 429 1229 507 1279; x_wconf 62' lang='lat' dir='ltr'><em>nigds,</em></span> <span class='ocrx_word' id='word_1_185' title='bbox 521 1226 579 1265; x_wconf 86' lang='lat' dir='ltr'><strong>Bodl.</strong></span> <span class='ocrx_word' id='word_1_186' title='bbox 589 1227 642 1265; x_wconf 83' lang='lat' dir='ltr'><strong>Brix.</strong></span> <span class='ocrx_word' id='word_1_187' title='bbox 654 1227 702 1265; x_wconf 87' lang='lat' dir='ltr'><em>Ver.</em></span> <span class='ocrx_word' id='word_1_188' title='bbox 713 1226 764 1263; x_wconf 89' lang='lat' dir='ltr'><em>Ven.</em></span> <span class='ocrx_word' id='word_1_189' title='bbox 776 1227 799 1264; x_wconf 83' lang='lat' dir='ltr'><em>in</em></span> 
     </span>
     <span class='ocr_line' id='line_1_23' title="bbox 81 1277 707 1331; baseline -0.003 -14"><span class='ocrx_word' id='word_1_190' title='bbox 81 1283 151 1330; x_wconf 77' lang='lat' dir='ltr'><em>ignes,</em></span> <span class='ocrx_word' id='word_1_191' title='bbox 164 1277 209 1314; x_wconf 79' lang='lat' dir='ltr'><strong>Ald.</strong></span> <span class='ocrx_word' id='word_1_192' title='bbox 223 1278 241 1315; x_wconf 86' lang='lat'><strong>1.</strong></span> <span class='ocrx_word' id='word_1_193' title='bbox 253 1279 302 1314; x_wconf 86' lang='lat' dir='ltr'><strong>Bon.</strong></span> <span class='ocrx_word' id='word_1_194' title='bbox 317 1280 339 1315; x_wconf 87' lang='lat' dir='ltr'><em>in</em></span> <span class='ocrx_word' id='word_1_195' title='bbox 349 1280 427 1331; x_wconf 81' lang='lat' dir='ltr'><em>igneis,</em></span> <span class='ocrx_word' id='word_1_196' title='bbox 441 1277 490 1315; x_wconf 86' lang='lat' dir='ltr'><strong>Brit.</strong></span> <span class='ocrx_word' id='word_1_197' title='bbox 501 1278 520 1317; x_wconf 85' lang='lat'><strong>3.</strong></span> <span class='ocrx_word' id='word_1_198' title='bbox 531 1281 598 1326; x_wconf 85' lang='lat' dir='ltr'><em>nives,</em></span> <span class='ocrx_word' id='word_1_199' title='bbox 613 1277 707 1329; x_wconf 80' lang='lat' dir='ltr'><em>eglossa.</em></span> 
     </span>
    </p>
   </div>
   <div class='ocr_carea' id='block_1_4' title="bbox 79 1340 800 1908">
    <p class='ocr_par' dir='ltr' id='par_1_4' title="bbox 79 1340 800 1549">
     <span class='ocr_line' id='line_1_24' title="bbox 132 1340 798 1390; baseline -0.002 -10"><span class='ocrx_word' id='word_1_200' title='bbox 132 1342 176 1380; x_wconf 84' lang='lat'><strong>739.</strong></span> <span class='ocrx_word' id='word_1_201' title='bbox 203 1345 287 1381; x_wconf 83' lang='lat' dir='ltr'><em>Averna</em></span> <span class='ocrx_word' id='word_1_202' title='bbox 296 1342 351 1390; x_wconf 82' lang='lat' dir='ltr'><em>tibi]</em></span> <span class='ocrx_word' id='word_1_203' title='bbox 366 1340 419 1379; x_wconf 81' lang='lat' dir='ltr'><strong>Brix.</strong></span> <span class='ocrx_word' id='word_1_204' title='bbox 430 1342 477 1379; x_wconf 89' lang='lat' dir='ltr'><em>Ver.</em></span> <span class='ocrx_word' id='word_1_205' title='bbox 483 1343 534 1379; x_wconf 86' lang='lat' dir='ltr'><em>Ven.</em></span> <span class='ocrx_word' id='word_1_206' title='bbox 545 1343 695 1382; x_wconf 70' lang='lat' dir='ltr'><em>cremantibus.</em></span> <span class='ocrx_word' id='word_1_207' title='bbox 709 1363 735 1371; x_wconf 91' lang='lat'><em>-</em></span> <span class='ocrx_word' id='word_1_208' title='bbox 747 1343 798 1386; x_wconf 82' lang='lat' dir='ltr'><em>sint]</em></span> 
     </span>
     <span class='ocr_line' id='line_1_25' title="bbox 80 1391 800 1440; baseline 0.001 -11"><span class='ocrx_word' id='word_1_209' title='bbox 80 1393 128 1429; x_wconf 84' lang='lat' dir='ltr'><em>Ver.</em></span> <span class='ocrx_word' id='word_1_210' title='bbox 138 1393 189 1431; x_wconf 81' lang='lat' dir='ltr'><em>Veu.</em></span> <span class='ocrx_word' id='word_1_211' title='bbox 202 1391 247 1432; x_wconf 84' lang='lat' dir='ltr'><strong>Ald.</strong></span> <span class='ocrx_word' id='word_1_212' title='bbox 258 1394 276 1431; x_wconf 85' lang='lat'><strong>1.</strong></span> <span class='ocrx_word' id='word_1_213' title='bbox 288 1394 340 1430; x_wconf 92' lang='lat' dir='ltr'><strong>Bon.</strong></span> <span class='ocrx_word' id='word_1_214' title='bbox 351 1404 406 1431; x_wconf 83' lang='lat' dir='ltr'><strong>sunt.</strong></span> <span class='ocrx_word' id='word_1_215' title='bbox 425 1393 497 1431; x_wconf 86' lang='lat' dir='ltr'><strong>Lamb.</strong></span> <span class='ocrx_word' id='word_1_216' title='bbox 508 1392 564 1440; x_wconf 85' lang='lat' dir='ltr'><em>dicit,</em></span> <span class='ocrx_word' id='word_1_217' title='bbox 573 1394 630 1432; x_wconf 88' lang='lat' dir='ltr'><strong>hunc</strong></span> <span class='ocrx_word' id='word_1_218' title='bbox 639 1406 721 1436; x_wconf 83' lang='lat' dir='ltr'><em>versum</em></span> <span class='ocrx_word' id='word_1_219' title='bbox 733 1406 745 1431; x_wconf 89' lang='lat' dir='ltr'><strong>a</strong></span> <span class='ocrx_word' id='word_1_220' title='bbox 755 1394 800 1430; x_wconf 86' lang='lat' dir='ltr'><em>No-</em></span> 
     </span>
     <span class='ocr_line' id='line_1_26' title="bbox 79 1443 800 1494; baseline 0.001 -13"><span class='ocrx_word' id='word_1_221' title='bbox 79 1444 115 1481; x_wconf 86' lang='lat' dir='ltr'><em>nio</em></span> <span class='ocrx_word' id='word_1_222' title='bbox 125 1455 169 1481; x_wconf 88' lang='lat' dir='ltr'><em>esse</em></span> <span class='ocrx_word' id='word_1_223' title='bbox 179 1443 296 1494; x_wconf 80' lang='lat' dir='ltr'><strong>prolatum,</strong></span> <span class='ocrx_word' id='word_1_224' title='bbox 310 1443 347 1482; x_wconf 87' lang='lat' dir='ltr'><em>sed</em></span> <span class='ocrx_word' id='word_1_225' title='bbox 352 1443 463 1492; x_wconf 82' lang='lat' dir='ltr'><em>mendose3</em></span> <span class='ocrx_word' id='word_1_226' title='bbox 481 1444 503 1481; x_wconf 81' lang='lat' dir='ltr'><em>tn</em></span> <span class='ocrx_word' id='word_1_227' title='bbox 513 1457 553 1494; x_wconf 85' lang='lat' dir='ltr'><em>quo</em></span> <span class='ocrx_word' id='word_1_228' title='bbox 564 1452 636 1483; x_wconf 84' lang='lat' dir='ltr'><em>tamen</em></span> <span class='ocrx_word' id='word_1_229' title='bbox 646 1446 723 1483; x_wconf 80' lang='lat' dir='ltr'><strong>frustra</strong></span> <span class='ocrx_word' id='word_1_230' title='bbox 733 1456 800 1494; x_wconf 84' lang='lat' dir='ltr'><em>quae-</em></span> 
     </span>
     <span class='ocr_line' id='line_1_27' title="bbox 80 1494 772 1549; baseline 0.001 -17"><span class='ocrx_word' id='word_1_231' title='bbox 80 1495 123 1533; x_wconf 78' lang='lat' dir='ltr'><strong>sivi.</strong></span> <span class='ocrx_word' id='word_1_232' title='bbox 151 1498 180 1533; x_wconf 88' lang='lat' dir='ltr'><em>De</em></span> <span class='ocrx_word' id='word_1_233' title='bbox 188 1495 241 1533; x_wconf 86' lang='lat' dir='ltr'><em>locis</em></span> <span class='ocrx_word' id='word_1_234' title='bbox 253 1496 338 1533; x_wconf 87' lang='lat' dir='ltr'><em>Avernis</em></span> <span class='ocrx_word' id='word_1_235' title='bbox 351 1495 407 1535; x_wconf 80' lang='lat' dir='ltr'><strong>conf.</strong></span> <span class='ocrx_word' id='word_1_236' title='bbox 418 1496 500 1534; x_wconf 87' lang='lat' dir='ltr'><em>Servius</em></span> <span class='ocrx_word' id='word_1_237' title='bbox 510 1496 537 1533; x_wconf 87' lang='lat' dir='ltr'><em>ad</em></span> <span class='ocrx_word' id='word_1_238' title='bbox 548 1497 604 1549; x_wconf 86' lang='lat' dir='ltr'><strong>Virg.</strong></span> <span class='ocrx_word' id='word_1_239' title='bbox 614 1501 663 1535; x_wconf 82' lang='lat' dir='ltr'><em>Aen.</em></span> <span class='ocrx_word' id='word_1_240' title='bbox 675 1500 714 1547; x_wconf 87' lang='grc' dir='ltr'><strong>ΙΙΙ,</strong></span> <span class='ocrx_word' id='word_1_241' title='bbox 728 1494 772 1536; x_wconf 77' lang='grc'><strong>442.</strong></span> 
     </span>
    </p>

    <p class='ocr_par' dir='ltr' id='par_1_5' title="bbox 80 1547 799 1804">
     <span class='ocr_line' id='line_1_28' title="bbox 132 1547 799 1599; baseline 0.001 -14"><span class='ocrx_word' id='word_1_242' title='bbox 132 1547 177 1587; x_wconf 92' lang='grc'><strong>741.</strong></span> <span class='ocrx_word' id='word_1_243' title='bbox 206 1548 270 1599; x_wconf 84' lang='lat' dir='ltr'><em>quod]</em></span> <span class='ocrx_word' id='word_1_244' title='bbox 292 1548 383 1596; x_wconf 86' lang='lat' dir='ltr'><em>Nonius,</em></span> <span class='ocrx_word' id='word_1_245' title='bbox 405 1548 515 1599; x_wconf 80' lang='lat' dir='ltr'><strong>qui—huno</strong></span> <span class='ocrx_word' id='word_1_246' title='bbox 535 1561 620 1586; x_wconf 87' lang='lat' dir='ltr'><em>versum</em></span> <span class='ocrx_word' id='word_1_247' title='bbox 636 1562 685 1587; x_wconf 92' lang='lat' dir='ltr'><em>cum</em></span> <span class='ocrx_word' id='word_1_248' title='bbox 699 1553 799 1599; x_wconf 83' lang='lat' dir='ltr'><em>sequente</em></span> 
     </span>
     <span class='ocr_line' id='line_1_29' title="bbox 80 1598 799 1651; baseline 0.004 -16"><span class='ocrx_word' id='word_1_249' title='bbox 80 1598 163 1649; x_wconf 82' lang='lat' dir='ltr'><em>profert</em></span> <span class='ocrx_word' id='word_1_250' title='bbox 175 1600 191 1644; x_wconf 89' lang='lat' dir='ltr'><em>l,</em></span> <span class='ocrx_word' id='word_1_251' title='bbox 202 1600 245 1647; x_wconf 71' lang='grc'><em>40,</em></span> <span class='ocrx_word' id='word_1_252' title='bbox 260 1600 347 1651; x_wconf 67' lang='lat' dir='ltr'><em>quidem]</em></span> <span class='ocrx_word' id='word_1_253' title='bbox 361 1620 386 1627; x_wconf 75' lang='lat'>-</span> <span class='ocrx_word' id='word_1_254' title='bbox 399 1600 493 1648; x_wconf 84' lang='lat' dir='ltr'><em>nornine]</em></span> <span class='ocrx_word' id='word_1_255' title='bbox 508 1598 538 1636; x_wconf 86' lang='lat' dir='ltr'><em>sic</em></span> <span class='ocrx_word' id='word_1_256' title='bbox 549 1600 609 1638; x_wconf 86' lang='lat' dir='ltr'><strong>Wak.</strong></span> <span class='ocrx_word' id='word_1_257' title='bbox 618 1600 709 1638; x_wconf 84' lang='lat' dir='ltr'><strong>restituit</strong></span> <span class='ocrx_word' id='word_1_258' title='bbox 719 1613 730 1638; x_wconf 89' lang='lat' dir='ltr'><em>e</em></span> <span class='ocrx_word' id='word_1_259' title='bbox 739 1602 799 1638; x_wconf 88' lang='lat' dir='ltr'><strong>Poor.</strong></span> 
     </span>
     <span class='ocr_line' id='line_1_30' title="bbox 81 1649 799 1703; baseline 0.003 -16"><span class='ocrx_word' id='word_1_260' title='bbox 81 1652 131 1690; x_wconf 85' lang='lat' dir='ltr'><strong>Brit.</strong></span> <span class='ocrx_word' id='word_1_261' title='bbox 141 1652 161 1691; x_wconf 85' lang='lat'><strong>3.</strong></span> <span class='ocrx_word' id='word_1_262' title='bbox 176 1651 233 1689; x_wconf 85' lang='lat' dir='ltr'><strong>Cant.</strong></span> <span class='ocrx_word' id='word_1_263' title='bbox 244 1650 299 1688; x_wconf 80' lang='lat' dir='ltr'><strong>Brix.</strong></span> <span class='ocrx_word' id='word_1_264' title='bbox 310 1652 358 1689; x_wconf 85' lang='lat' dir='ltr'><em>Ver.</em></span> <span class='ocrx_word' id='word_1_265' title='bbox 368 1653 432 1700; x_wconf 70' lang='lat' dir='ltr'><em>tert,</em></span> <span class='ocrx_word' id='word_1_266' title='bbox 447 1663 571 1701; x_wconf 85' lang='lat' dir='ltr'><strong>comparans</strong></span> <span class='ocrx_word' id='word_1_267' title='bbox 581 1653 637 1703; x_wconf 83' lang='lat' dir='ltr'><strong>Virg.</strong></span> <span class='ocrx_word' id='word_1_268' title='bbox 645 1656 694 1692; x_wconf 81' lang='lat' dir='ltr'><em>ten.</em></span> <span class='ocrx_word' id='word_1_269' title='bbox 706 1654 742 1699; x_wconf 90' lang='lat' dir='ltr'><em>Xl,</em></span> <span class='ocrx_word' id='word_1_270' title='bbox 753 1649 799 1692; x_wconf 75' lang='grc'><strong>542.</strong></span> 
     </span>
     <span class='ocr_line' id='line_1_31' title="bbox 81 1702 799 1754; baseline 0.006 -16"><span class='ocrx_word' id='word_1_271' title='bbox 81 1709 102 1744; x_wconf 85' lang='lat' dir='ltr'><em>et</em></span> <span class='ocrx_word' id='word_1_272' title='bbox 114 1703 154 1750; x_wconf 87' lang='lat' dir='ltr'><em>VI,</em></span> <span class='ocrx_word' id='word_1_273' title='bbox 173 1703 231 1746; x_wconf 65' lang='lat'><em>2423</em></span> <span class='ocrx_word' id='word_1_274' title='bbox 253 1703 316 1754; x_wconf 80' lang='lat' dir='ltr'><strong>vulgo</strong></span> <span class='ocrx_word' id='word_1_275' title='bbox 330 1715 408 1741; x_wconf 75' lang='lat' dir='ltr'><em>nomen.</em></span> <span class='ocrx_word' id='word_1_276' title='bbox 423 1724 450 1732; x_wconf 95' lang='lat'><em>-</em></span> <span class='ocrx_word' id='word_1_277' title='bbox 463 1704 488 1742; x_wconf 78' lang='lat' dir='ltr'><em>ab</em></span> <span class='ocrx_word' id='word_1_278' title='bbox 503 1702 535 1752; x_wconf 84' lang='lat' dir='ltr'><em>rc]</em></span> <span class='ocrx_word' id='word_1_279' title='bbox 551 1704 631 1742; x_wconf 83' lang='lat' dir='ltr'><strong>Nonius</strong></span> <span class='ocrx_word' id='word_1_280' title='bbox 646 1719 659 1742; x_wconf 83' lang='lat' dir='ltr'><strong><em>a</em></strong></span> <span class='ocrx_word' id='word_1_281' title='bbox 670 1720 698 1744; x_wconf 87' lang='lat' dir='ltr'><em>re.</em></span> <span class='ocrx_word' id='word_1_282' title='bbox 727 1702 799 1754; x_wconf 79' lang='lat' dir='ltr'><strong>(cont.</strong></span> 
     </span>
     <span class='ocr_line' id='line_1_32' title="bbox 80 1751 281 1804; baseline 0.005 -13"><span class='ocrx_word' id='word_1_283' title='bbox 80 1766 143 1804; x_wconf 83' lang='lat' dir='ltr'><strong>supra</strong></span> <span class='ocrx_word' id='word_1_284' title='bbox 156 1752 183 1790; x_wconf 85' lang='lat' dir='ltr'><em>ad</em></span> <span class='ocrx_word' id='word_1_285' title='bbox 193 1768 211 1792; x_wconf 76' lang='lat' dir='ltr'><strong>r.</strong></span> <span class='ocrx_word' id='word_1_286' title='bbox 222 1751 281 1800; x_wconf 69' lang='grc'><strong>414.)</strong></span> 
     </span>
    </p>

    <p class='ocr_par' dir='ltr' id='par_1_6' title="bbox 82 1801 798 1908">
     <span class='ocr_line' id='line_1_33' title="bbox 133 1801 798 1857; baseline 0 -12"><span class='ocrx_word' id='word_1_287' title='bbox 133 1801 184 1845; x_wconf 65' lang='lat'><strong>743.</strong></span> <span class='ocrx_word' id='word_1_288' title='bbox 204 1805 288 1856; x_wconf 78' lang='lat' dir='ltr'><em>venere]</em></span> <span class='ocrx_word' id='word_1_289' title='bbox 303 1805 333 1843; x_wconf 89' lang='lat' dir='ltr'><em>sic</em></span> <span class='ocrx_word' id='word_1_290' title='bbox 344 1817 416 1844; x_wconf 85' lang='lat' dir='ltr'><em>omnes</em></span> <span class='ocrx_word' id='word_1_291' title='bbox 425 1804 475 1843; x_wconf 82' lang='lat' dir='ltr'><strong>libri</strong></span> <span class='ocrx_word' id='word_1_292' title='bbox 483 1809 545 1854; x_wconf 79' lang='lat' dir='ltr'><em>vett,</em></span> <span class='ocrx_word' id='word_1_293' title='bbox 565 1819 616 1857; x_wconf 86' lang='lat' dir='ltr'><strong>quos</strong></span> <span class='ocrx_word' id='word_1_294' title='bbox 628 1813 685 1845; x_wconf 84' lang='lat' dir='ltr'><em>recte</em></span> <span class='ocrx_word' id='word_1_295' title='bbox 695 1806 755 1847; x_wconf 87' lang='lat' dir='ltr'><strong>Wak.</strong></span> <span class='ocrx_word' id='word_1_296' title='bbox 767 1818 798 1846; x_wconf 85' lang='lat' dir='ltr'><em>se·</em></span> 
     </span>
     <span class='ocr_line' id='line_1_34' title="bbox 82 1856 729 1908; baseline 0.003 -14"><span class='ocrx_word' id='word_1_297' title='bbox 82 1864 158 1908; x_wconf 84' lang='lat' dir='ltr'><strong>quutus</strong></span> <span class='ocrx_word' id='word_1_298' title='bbox 170 1864 206 1895; x_wconf 84' lang='lat' dir='ltr'><em>est.</em></span> <span class='ocrx_word' id='word_1_299' title='bbox 216 1873 224 1886; x_wconf 87' lang='lat'><em>·-</em></span> <span class='ocrx_word' id='word_1_300' title='bbox 232 1856 301 1908; x_wconf 81' lang='lat' dir='ltr'><strong>Vulgo</strong></span> <span class='ocrx_word' id='word_1_301' title='bbox 312 1860 424 1905; x_wconf 80' lang='lat' dir='ltr'><em>advenere,</em></span> <span class='ocrx_word' id='word_1_302' title='bbox 432 1861 450 1894; x_wconf 67' lang='lat' dir='ltr'><em>&#39;e</em></span> <span class='ocrx_word' id='word_1_303' title='bbox 461 1856 533 1894; x_wconf 88' lang='lat' dir='ltr'><strong>Lamb.</strong></span> <span class='ocrx_word' id='word_1_304' title='bbox 549 1859 675 1896; x_wconf 80' lang='lat' dir='ltr'><strong>coniectura.</strong></span> <span class='ocrx_word' id='word_1_305' title='bbox 722 1880 729 1884; x_wconf 84' lang='lat'><em>..</em></span> 
     </span>
    </p>
   </div>
   <div class='ocr_carea' id='block_1_5' title="bbox 81 1920 831 2285">
    <p class='ocr_par' dir='ltr' id='par_1_7' title="bbox 81 1920 831 2285">
     <span class='ocr_line' id='line_1_35' title="bbox 133 1920 798 1975; baseline 0 -13"><span class='ocrx_word' id='word_1_306' title='bbox 133 1920 178 1962; x_wconf 88' lang='grc'><strong>744.</strong></span> <span class='ocrx_word' id='word_1_307' title='bbox 205 1921 333 1974; x_wconf 80' lang='lat' dir='ltr'><em>Remigiom]</em></span> <span class='ocrx_word' id='word_1_308' title='bbox 346 1923 377 1960; x_wconf 89' lang='lat' dir='ltr'><em>ita</em></span> <span class='ocrx_word' id='word_1_309' title='bbox 384 1921 445 1960; x_wconf 84' lang='lat' dir='ltr'><strong>Wak.</strong></span> <span class='ocrx_word' id='word_1_310' title='bbox 459 1921 525 1964; x_wconf 78' lang='lat' dir='ltr'><em>edidit</em></span> <span class='ocrx_word' id='word_1_311' title='bbox 537 1934 548 1959; x_wconf 91' lang='lat' dir='ltr'><em>e</em></span> <span class='ocrx_word' id='word_1_312' title='bbox 559 1922 680 1961; x_wconf 82' lang='lat' dir='ltr'><em>coniectura</em></span> <span class='ocrx_word' id='word_1_313' title='bbox 691 1924 739 1962; x_wconf 86' lang='lat' dir='ltr'><strong>satis</strong></span> <span class='ocrx_word' id='word_1_314' title='bbox 749 1936 798 1975; x_wconf 84' lang='lat' dir='ltr'><strong>pro·</strong></span> 
     </span>
     <span class='ocr_line' id='line_1_36' title="bbox 81 1972 798 2025; baseline 0.003 -13"><span class='ocrx_word' id='word_1_315' title='bbox 81 1972 158 2024; x_wconf 83' lang='lat' dir='ltr'><strong>habili,</strong></span> <span class='ocrx_word' id='word_1_316' title='bbox 178 1987 244 2025; x_wconf 82' lang='lat' dir='ltr'><strong>quum</strong></span> <span class='ocrx_word' id='word_1_317' title='bbox 256 1973 277 2011; x_wconf 90' lang='lat' dir='ltr'><em>in</em></span> <span class='ocrx_word' id='word_1_318' title='bbox 290 1974 348 2013; x_wconf 89' lang='lat' dir='ltr'><strong>Bodl.</strong></span> <span class='ocrx_word' id='word_1_319' title='bbox 358 1976 422 2012; x_wconf 84' lang='lat' dir='ltr'><strong>Poor.</strong></span> <span class='ocrx_word' id='word_1_320' title='bbox 432 1972 481 2011; x_wconf 86' lang='lat' dir='ltr'><strong>Brit.</strong></span> <span class='ocrx_word' id='word_1_321' title='bbox 492 1975 510 2012; x_wconf 85' lang='lat'><strong>1.</strong></span> <span class='ocrx_word' id='word_1_322' title='bbox 520 1974 538 2013; x_wconf 84' lang='lat'><strong>3.</strong></span> <span class='ocrx_word' id='word_1_323' title='bbox 548 1974 608 2012; x_wconf 79' lang='lat' dir='ltr'><strong>Cant.</strong></span> <span class='ocrx_word' id='word_1_324' title='bbox 623 1974 675 2012; x_wconf 85' lang='lat' dir='ltr'><strong>Brix.</strong></span> <span class='ocrx_word' id='word_1_325' title='bbox 686 1977 735 2015; x_wconf 83' lang='lat' dir='ltr'><em>Ver.</em></span> <span class='ocrx_word' id='word_1_326' title='bbox 746 1978 798 2016; x_wconf 74' lang='lat' dir='ltr'><em>ven.</em></span> 
     </span>
     <span class='ocr_line' id='line_1_37' title="bbox 81 2024 799 2078; baseline 0.003 -15"><span class='ocrx_word' id='word_1_327' title='bbox 81 2025 127 2064; x_wconf 71' lang='lat' dir='ltr'><em>old.</em></span> <span class='ocrx_word' id='word_1_328' title='bbox 141 2027 160 2066; x_wconf 87' lang='lat'><strong>1.</strong></span> <span class='ocrx_word' id='word_1_329' title='bbox 171 2029 221 2064; x_wconf 81' lang='lat' dir='ltr'><strong>Bou.</strong></span> <span class='ocrx_word' id='word_1_330' title='bbox 234 2025 317 2077; x_wconf 78' lang='lat' dir='ltr'><em>legetur</em></span> <span class='ocrx_word' id='word_1_331' title='bbox 332 2029 440 2078; x_wconf 83' lang='lat' dir='ltr'><em>Remigio,</em></span> <span class='ocrx_word' id='word_1_332' title='bbox 459 2024 516 2075; x_wconf 83' lang='lat' dir='ltr'><em>quod</em></span> <span class='ocrx_word' id='word_1_333' title='bbox 528 2036 551 2061; x_wconf 79' lang='lat' dir='ltr'><em>ex</em></span> <span class='ocrx_word' id='word_1_334' title='bbox 563 2028 658 2077; x_wconf 65' lang='lat' dir='ltr'><em>Remigii}</em></span> <span class='ocrx_word' id='word_1_335' title='bbox 673 2034 742 2065; x_wconf 88' lang='lat' dir='ltr'><strong>ortum</strong></span> <span class='ocrx_word' id='word_1_336' title='bbox 755 2040 799 2065; x_wconf 88' lang='lat' dir='ltr'><em>esse</em></span> 
     </span>
     <span class='ocr_line' id='line_1_38' title="bbox 82 2075 798 2129; baseline 0.003 -14"><span class='ocrx_word' id='word_1_337' title='bbox 82 2078 159 2115; x_wconf 80' lang='lat' dir='ltr'><strong>statuit.</strong></span> <span class='ocrx_word' id='word_1_338' title='bbox 174 2080 272 2115; x_wconf 80' lang='lat' dir='ltr'><strong>Attamen</strong></span> <span class='ocrx_word' id='word_1_339' title='bbox 286 2090 352 2128; x_wconf 84' lang='lat' dir='ltr'><strong>quum</strong></span> <span class='ocrx_word' id='word_1_340' title='bbox 362 2077 425 2115; x_wconf 87' lang='lat' dir='ltr'><em>litera</em></span> <span class='ocrx_word' id='word_1_341' title='bbox 433 2093 445 2116; x_wconf 91' lang='lat'>0</span> <span class='ocrx_word' id='word_1_342' title='bbox 456 2075 520 2114; x_wconf 82' lang='lat' dir='ltr'><em>facite</em></span> <span class='ocrx_word' id='word_1_343' title='bbox 528 2076 596 2114; x_wconf 88' lang='lat' dir='ltr'><em>etiam-</em></span> <span class='ocrx_word' id='word_1_344' title='bbox 603 2090 627 2114; x_wconf 84' lang='lat' dir='ltr'><em>ex</em></span> <span class='ocrx_word' id='word_1_345' title='bbox 636 2086 736 2129; x_wconf 78' lang='lat' dir='ltr'><em>sequente</em></span> <span class='ocrx_word' id='word_1_346' title='bbox 746 2092 798 2117; x_wconf 88' lang='lat' dir='ltr'><em>voce</em></span> 
     </span>
     <span class='ocr_line' id='line_1_39' title="bbox 82 2129 831 2180; baseline 0.005 -14"><span class='ocrx_word' id='word_1_347' title='bbox 82 2129 196 2168; x_wconf 75' lang='lat' dir='ltr'><em>adhaerere</em></span> <span class='ocrx_word' id='word_1_348' title='bbox 212 2130 318 2180; x_wconf 85' lang='lat' dir='ltr'><em>potuerit,</em></span> <span class='ocrx_word' id='word_1_349' title='bbox 334 2135 391 2167; x_wconf 85' lang='lat' dir='ltr'><em>certe</em></span> <span class='ocrx_word' id='word_1_350' title='bbox 406 2141 450 2167; x_wconf 88' lang='lat' dir='ltr'><em>non</em></span> <span class='ocrx_word' id='word_1_351' title='bbox 460 2139 544 2177; x_wconf 87' lang='lat' dir='ltr'><strong>prorsus</strong></span> <span class='ocrx_word' id='word_1_352' title='bbox 554 2130 707 2169; x_wconf 81' lang='lat' dir='ltr'><em>contemnenda</em></span> <span class='ocrx_word' id='word_1_353' title='bbox 718 2131 799 2169; x_wconf 86' lang='lat' dir='ltr'><em>videtur</em></span> <span class='ocrx_word' id='word_1_354' title='bbox 829 2142 831 2145; x_wconf 86' lang='lat'>·</span> 
     </span>
     <span class='ocr_line' id='line_1_40' title="bbox 82 2180 798 2233; baseline 0.004 -15"><span class='ocrx_word' id='word_1_355' title='bbox 82 2181 156 2230; x_wconf 86' lang='lat' dir='ltr'><em>altera,</em></span> <span class='ocrx_word' id='word_1_356' title='bbox 168 2193 234 2233; x_wconf 82' lang='lat' dir='ltr'><em>eaque</em></span> <span class='ocrx_word' id='word_1_357' title='bbox 249 2180 348 2233; x_wconf 84' lang='lat' dir='ltr'><strong>vulgaris,</strong></span> <span class='ocrx_word' id='word_1_358' title='bbox 361 2180 426 2219; x_wconf 90' lang='lat' dir='ltr'><em>lectio</em></span> <span class='ocrx_word' id='word_1_359' title='bbox 438 2181 536 2232; x_wconf 80' lang='lat' dir='ltr'><em>Remigii,</em></span> <span class='ocrx_word' id='word_1_360' title='bbox 549 2186 572 2218; x_wconf 89' lang='lat' dir='ltr'><em>ut</em></span> <span class='ocrx_word' id='word_1_361' title='bbox 587 2180 676 2220; x_wconf 87' lang='lat' dir='ltr'><em>fortasse</em></span> <span class='ocrx_word' id='word_1_362' title='bbox 691 2182 726 2221; x_wconf 88' lang='lat' dir='ltr'><em>hic</em></span> <span class='ocrx_word' id='word_1_363' title='bbox 739 2182 798 2221; x_wconf 89' lang='lat' dir='ltr'><strong>locus</strong></span> 
     </span>
     <span class='ocr_line' id='line_1_41' title="bbox 81 2230 798 2285; baseline 0.003 -14"><span class='ocrx_word' id='word_1_364' title='bbox 81 2235 137 2271; x_wconf 87' lang='lat' dir='ltr'><em>inter</em></span> <span class='ocrx_word' id='word_1_365' title='bbox 148 2246 182 2271; x_wconf 86' lang='lat' dir='ltr'><em>eos</em></span> <span class='ocrx_word' id='word_1_366' title='bbox 192 2234 315 2272; x_wconf 83' lang='lat' dir='ltr'><em>referendus</em></span> <span class='ocrx_word' id='word_1_367' title='bbox 325 2233 361 2281; x_wconf 85' lang='lat' dir='ltr'><strong>sit,</strong></span> <span class='ocrx_word' id='word_1_368' title='bbox 376 2232 402 2270; x_wconf 88' lang='lat' dir='ltr'><em>de</em></span> <span class='ocrx_word' id='word_1_369' title='bbox 415 2233 489 2284; x_wconf 84' lang='lat' dir='ltr'><strong>quihus</strong></span> <span class='ocrx_word' id='word_1_370' title='bbox 501 2231 527 2268; x_wconf 83' lang='lat' dir='ltr'><em>ad</em></span> <span class='ocrx_word' id='word_1_371' title='bbox 539 2234 563 2279; x_wconf 86' lang='lat' dir='ltr'><em>V,</em></span> <span class='ocrx_word' id='word_1_372' title='bbox 573 2230 630 2272; x_wconf 79' lang='lat' dir='ltr'><strong>tuot.</strong></span> <span class='ocrx_word' id='word_1_373' title='bbox 644 2233 798 2285; x_wconf 81' lang='lat' dir='ltr'><strong>disputavimus.</strong></span> 
     </span>
    </p>
   </div>
   <div class='ocr_carea' id='block_1_6' title="bbox 81 2294 799 2505">
    <p class='ocr_par' dir='ltr' id='par_1_8' title="bbox 81 2294 799 2505">
     <span class='ocr_line' id='line_1_42' title="bbox 133 2294 797 2349; baseline -0.002 -12"><span class='ocrx_word' id='word_1_374' title='bbox 133 2298 178 2337; x_wconf 85' lang='grc'><strong>747.</strong></span> <span class='ocrx_word' id='word_1_375' title='bbox 205 2299 331 2349; x_wconf 74' lang='lat' dir='ltr'><strong>substratus]</strong></span> <span class='ocrx_word' id='word_1_376' title='bbox 347 2297 414 2348; x_wconf 80' lang='lat' dir='ltr'><strong>Lugd.</strong></span> <span class='ocrx_word' id='word_1_377' title='bbox 425 2299 443 2336; x_wconf 91' lang='lat'><strong>1.</strong></span> <span class='ocrx_word' id='word_1_378' title='bbox 453 2298 472 2335; x_wconf 74' lang='lat'><strong>2.</strong></span> <span class='ocrx_word' id='word_1_379' title='bbox 483 2294 539 2334; x_wconf 89' lang='lat' dir='ltr'><strong>Bodl.</strong></span> <span class='ocrx_word' id='word_1_380' title='bbox 550 2298 608 2335; x_wconf 82' lang='lat' dir='ltr'><strong>Poor.</strong></span> <span class='ocrx_word' id='word_1_381' title='bbox 621 2297 669 2347; x_wconf 85' lang='lat' dir='ltr'><strong>Brit.</strong></span> <span class='ocrx_word' id='word_1_382' title='bbox 682 2301 700 2339; x_wconf 88' lang='lat'><strong>1.</strong></span> <span class='ocrx_word' id='word_1_383' title='bbox 706 2300 726 2339; x_wconf 87' lang='lat'><strong>3.</strong></span> <span class='ocrx_word' id='word_1_384' title='bbox 738 2301 797 2338; x_wconf 87' lang='lat' dir='ltr'><strong>Cant.</strong></span> 
     </span>
     <span class='ocr_line' id='line_1_43' title="bbox 82 2349 799 2400; baseline 0.004 -14"><span class='ocrx_word' id='word_1_385' title='bbox 82 2351 129 2386; x_wconf 77' lang='lat' dir='ltr'><em>Ver.</em></span> <span class='ocrx_word' id='word_1_386' title='bbox 146 2351 197 2389; x_wconf 87' lang='lat' dir='ltr'><em>Veu.</em></span> <span class='ocrx_word' id='word_1_387' title='bbox 215 2352 328 2399; x_wconf 83' lang='lat' dir='ltr'><strong>subiratus,</strong></span> <span class='ocrx_word' id='word_1_388' title='bbox 348 2352 402 2387; x_wconf 84' lang='lat' dir='ltr'><strong>lunt.</strong></span> <span class='ocrx_word' id='word_1_389' title='bbox 419 2351 525 2388; x_wconf 76' lang='lat' dir='ltr'><em>subiectus.</em></span> <span class='ocrx_word' id='word_1_390' title='bbox 540 2371 566 2376; x_wconf 94' lang='lat'>-</span> <span class='ocrx_word' id='word_1_391' title='bbox 579 2349 667 2399; x_wconf 85' lang='lat' dir='ltr'><em>Averni]</em></span> <span class='ocrx_word' id='word_1_392' title='bbox 688 2350 799 2400; x_wconf 86' lang='lat' dir='ltr'><em>„editores</em></span> 
     </span>
     <span class='ocr_line' id='line_1_44' title="bbox 81 2398 799 2451; baseline 0.004 -12"><span class='ocrx_word' id='word_1_393' title='bbox 81 2401 179 2439; x_wconf 87' lang='lat' dir='ltr'><em>hodierni</em></span> <span class='ocrx_word' id='word_1_394' title='bbox 191 2414 215 2440; x_wconf 82' lang='lat' dir='ltr'><em>ex</em></span> <span class='ocrx_word' id='word_1_395' title='bbox 226 2400 312 2439; x_wconf 78' lang='lat' dir='ltr'><strong>arbitrio</strong></span> <span class='ocrx_word' id='word_1_396' title='bbox 323 2407 403 2441; x_wconf 82' lang='lat' dir='ltr'><em>Averno</em></span> <span class='ocrx_word' id='word_1_397' title='bbox 414 2412 455 2447; x_wconf 78' lang='lat' dir='ltr'><em>est,·</em></span> <span class='ocrx_word' id='word_1_398' title='bbox 474 2398 554 2438; x_wconf 77' lang='lat' dir='ltr'><em>nescies</em></span> <span class='ocrx_word' id='word_1_399' title='bbox 571 2413 597 2438; x_wconf 85' lang='lat' dir='ltr'><em>au</em></span> <span class='ocrx_word' id='word_1_400' title='bbox 607 2401 758 2451; x_wconf 88' lang='lat' dir='ltr'><em>impudentius,</em></span> <span class='ocrx_word' id='word_1_401' title='bbox 772 2415 799 2441; x_wconf 84' lang='lat' dir='ltr'><em>an</em></span> 
     </span>
     <span class='ocr_line' id='line_1_45' title="bbox 81 2451 798 2505; baseline 0.003 -13"><span class='ocrx_word' id='word_1_402' title='bbox 81 2453 182 2494; x_wconf 83' lang='lat' dir='ltr'><strong>inscitius.</strong></span> <span class='ocrx_word' id='word_1_403' title='bbox 208 2456 263 2492; x_wconf 75' lang='lat' dir='ltr'><em>sene</em></span> <span class='ocrx_word' id='word_1_404' title='bbox 273 2453 325 2491; x_wconf 88' lang='lat' dir='ltr'><em>illud</em></span> <span class='ocrx_word' id='word_1_405' title='bbox 335 2465 366 2494; x_wconf 76' lang='lat' dir='ltr'><em>est</em></span> <span class='ocrx_word' id='word_1_406' title='bbox 374 2452 435 2492; x_wconf 85' lang='lat' dir='ltr'><em>Vind.</em></span> <span class='ocrx_word' id='word_1_407' title='bbox 447 2451 552 2505; x_wconf 82' lang='lat' dir='ltr'><strong>agnoscit:</strong></span> <span class='ocrx_word' id='word_1_408' title='bbox 571 2453 608 2491; x_wconf 86' lang='lat' dir='ltr'><em>sed</em></span> <span class='ocrx_word' id='word_1_409' title='bbox 619 2452 720 2505; x_wconf 74' lang='lat' dir='ltr'><strong>collator,</strong></span> <span class='ocrx_word' id='word_1_410' title='bbox 733 2455 798 2494; x_wconf 86' lang='lat' dir='ltr'><em>mini-</em></span> 
     </span>
    </p>
   </div>
   <div class='ocr_carea' id='block_1_7' title="bbox 0 0 853 2654">
    <p class='ocr_par' dir='ltr' id='par_1_9' title="bbox 0 0 853 2654">
     <span class='ocr_line' id='line_1_46' title="bbox 0 0 853 2654; baseline 0 0"><span class='ocrx_word' id='word_1_411' title='bbox 0 0 853 2654; x_wconf 95' lang='lat' dir='ltr'><em> </em></span> 
     </span>
    </p>
   </div>
  </div>
 </body>
</html>
