1690 2654
200 117 242 157 AD
258 115 395 157 LIBRUM
411 114 589 167 uun-RTUM.
709 110 757 157 315

92 227 137 267 299.
159 224 241 279 fronte]
259 226 307 266 Brit.
318 228 337 266 2.
348 226 412 276 forte,
430 238 492 276 quern
508 224 622 262 lectionem
636 222 698 262 Wak.
708 233 757 260 me-

40 277 115 315 liorem
127 285 193 328 putat.
214 280 380 328 Insequentibus
392 278 457 317 Codd.
468 290 538 314 versus
547 278 600 313 mire
610 280 756 327 transponunt,

12 363 15 365 .
39 331 93 367 utin
105 330 162 370 Bodl.
175 330 235 368 Vind.
243 332 302 369 Poor.
313 331 361 369 Brit.
374 332 391 368 1.
401 332 421 369 2-
431 331 450 368 3.
460 330 517 367 Cant.
528 327 578 364 Brix.
591 329 638 366 Ver.
651 331 702 366 Ven.
714 327 756 363 sin-

39 381 83 432 guli
92 394 162 420 versus
171 381 212 419 hoc
222 381 294 419 ordine
304 381 429 432 procedant:
441 382 486 420 299.
496 379 615 420 325-348.
627 380 666 418 300
673 376 755 427 *3247

39 434 60 470 in
71 434 141 473 Aldu.
152 445 201 469 vero
214 439 234 470 et
243 436 292 470 Bon.
304 434 344 470 sic:
363 434 484 472 299-302.
495 431 616 482 325-318.
627 428 754 477 eut-324„

38 485 125 522 iniunt.
140 483 230 527 denique
242 490 262 521 et
272 484 317 521 tid.
326 487 345 523 2.
357 484 399 520 hoc
411 483 487 521 modo:
501 485 623 523 299-302.
634 483 755 523 325-353.

38 538 155 577 303-618.
167 533 288 586 354÷361t
300 534 420 576 319—324.
430 535 475 575 365.
486 541 526 575 etc.

28 633 33 644 .
89 600 135 639 301.
162 599 242 650 oculos]
258 599 287 635 sic
301 598 362 637 Wak.
377 605 435 636 recte
451 599 540 637 restituit
558 611 569 636 e
585 598 643 637 Bodl.
659 599 718 636 Cant.
729 603 755 635 et

8 650 11 652 ’
38 651 86 690 Ver.
97 652 148 691 Ven.
159 650 204 687 Ald.
217 652 235 689 1.
248 653 308 698 Bon,
323 651 386 701 vulgo
402 652 477 689 oculus.
505 653 601 697 Ceterum
614 662 663 688 vero
678 649 755 687 retinui

39 715 89 740 cum
100 703 176 740 Eichst.
188 702 423 753 vulgaremlectionem,
439 715 502 752 quom
512 702 573 741 Wak.
583 715 594 740 e
604 701 658 740 coni.
669 702 698 739 sic
708 713 755 738 mu-

37 754 100 791 tavit:
115 758 171 802 Flet,
185 765 205 792 et
214 765 262 792 unte
273 752 367 802 oculoss.
379 768 397 803 q.
410 755 442 801 d„
455 765 478 792 ut
489 757 553 799 idem,
568 753 617 805 quia
625 754 647 791 in
658 752 754 791 omnihus

37 805 95 843 libris
106 812 189 857 praeter
198 805 247 846 Brit.
257 807 277 846 2.
288 805 333 842 Ald.
342 806 363 849 ,1.
374 806 393 844 2,
408 807 457 843 Bon.
469 808 522 847 lunt.
536 805 602 845 altera
613 805 659 843 vice
668 817 690 845 ut
699 804 754 856 legi-

37 863 73 895 tur
81 870 120 907 pro
130 861 169 897 trio.

88 908 134 947 304.
160 923 202 957 sex,
217 907 251 956 ut]
266 906 295 944 sis
307 905 392 957 plurimi
402 907 458 955 libri,
473 920 524 958 quos
535 908 596 945 Wak.
607 913 706 957 sequutus
716 912 754 946 est.

37 959 86 998 Brit.
96 961 115 1001 2.
130 971 153 999 ut
162 975 208 1008 sex,
221 958 343 997 Vindrsexu
354 969 391 1005 ut,
401 960 451 996 Brit.
465 960 483 998 1.
497 961 553 1008 lunt.
564 959 610 999 Atd.
623 960 643 1000 2.
653 974 713 999 sexve
723 968 753 1009 ut,

39 1010 289 1062 quemadmodum'rulgo
301 1010 376 1048 editur.
409 1018 412 1020 ·

33 1103 35 1106 -
87 1076 133 1116 605.
160 1076 232 1114 latebit
243 1073 302 1113 tuor.
312 1072 532 1123 restituiteplurimis
542 1073 613 1124 libris,
628 1074 697 1125 „quia
713 1059 755 1112 Lu·
818 1090 827 1097 r

37 1126 114 1165 cretius
124 1126 278 1179 generaliorem
287 1138 375 1174 vocent,
389 1127 457 1178 imago
467 1138 554 1176 nempe,
567 1126 695 1175 respiciat;“
709 1125 755 1163 vul-

36 1190 64 1228 go
75 1179 179 1226 latebunt,
193 1189 247 1229 quae
258 1176 361 1215 correctio
371 1184 457 1228 apparet
467 1177 490 1215 in
501 1177 549 1216 Brit.
557 1179 576 1218 1.
587 1178 633 1219 Ald.
644 1180 663 1219 1.
674 1180 754 1219 21306.

36 1230 91 1267 lunt.
539 1263 541 1267 ,

87 1281 133 1320 306.
160 1280 226 1328 torte]
246 1280 293 1318 Ver.
309 1281 361 1319 Ven.
380 1290 458 1324 tortae;
473 1281 608 1331 quareWak.
620 1280 674 1323 coni.
687 1290 754 1321 tortae

32 1334 155 1387 penitusque
167 1342 266 1380 remotae,
281 1330 375 1381 cupidius
383 1343 446 1379 sane,
461 1344 524 1381 quam
534 1332 670 1381 probabilius.

87 1385 133 1423 309.
157 1383 285 1433 Praepositio
296 1400 307 1422 e
322 1383 379 1420 deest
394 1382 459 1433 Lugd.
467 1384 487 1422 2.
499 1384 556 1421 Bodl.
569 1385 630 1423 Poor.
642 1383 691 1422 Brit.
701 1383 753 1423 23.

33 1434 88 1474 Brix.
100 1437 147 1473 Ver.
161 1435 212 1473 Ven.
240 1437 324 1485 Integer
332 1446 403 1472 versus
411 1447 461 1472 vero
474 1447 522 1473 cum
531 1443 631 1485 sequente
639 1448 683 1474 non
694 1447 753 1474 com·

34 1486 125 1538 paretin
136 1486 185 1524 Brit.
196 1488 228 1540 2¹)
243 1493 264 1525 et
274 1486 297 1523 in
305 1486 365 1526 Vind.
374 1493 462 1536 uterque
473 1498 543 1526 erasus
554 1494 590 1526 est.

87 1552 133 1591 311.
161 1553 213 1590 Inde
222 1544 276 1590 retro
287 1550 378 1602 rursum]
394 1550 423 1588 sic
436 1549 497 1589 Wak.
509 1551 574 1588 edidit
585 1564 596 1589 e
606 1549 674 1602 Lugd.
686 1551 717 1599 1.,
732 1556 753 1588 et

35 1602 93 1651 quod
101 1603 246 1652 pleonasmum
255 1602 329 1639 attinet
337 1614 391 1654 retro
399 1605 471 1651 redire,
483 1606 613 1653 comparati,
621 1603 665 1643 785.
674 1606 699 1650 ΙΙ,
705 1603 752 1643 283,

14 1660 16 1662 ’
34 1655 79 1704 516.
94 1655 118 1702 V,
129 1656 174 1694 270.
187 1659 226 1694 ἔῒο.
256 1658 349 1702 Quatuor
365 1653 427 1692 Godd.
438 1655 511 1692 Lamh.
523 1656 589 1706 Lugd.
600 1656 619 1694 2.
629 1654 690 1693 Vind.
701 1653 752 1694 Brit.

35 1708 54 1745 1.
64 1707 83 1745 2.
100 1707 160 1746 Cant.
175 1707 229 1746 Brix.
245 1707 293 1745 Vei.
310 1708 361 1743 Ven.
375 1709 425 1745 Iride
434 1717 554 1755 retrorsum,
569 1706 622 1758 pede
633 1706 752 1755 deficiente,

35 1770 98 1808 quem
112 1758 207 1809 supplere
217 1758 341 1796 studuerunt
351 1757 406 1796 Bodl.
419 1759 481 1797 Poor.
492 1758 541 1796 Brit.
552 1761 570 1798 1.
584 1758 627 1796 Ald.
642 1760 660 1797 1.
672 1758 752 1799 26611,

33 1809 96 1858 lunt„
107 1811 221 1848 scribentes
231 1813 321 1862 Indeque
330 1820 444 1856 retrorsum,
457 1809 500 1847 tres
512 1823 561 1847 vero
573 1810 635 1849 Codd.
646 1810 719 1848 Lanib.
731 1816 753 1847 et

30 1860 92 1899 Cant.
101 1865 151 1900 Inde
162 1872 271 1901 retrorsum
282 1865 349 1900 etium.
365 1862 438 1899 Lami).
450 1861 517 1905 edidit
529 1874 540 1898 e
552 1862 605 1908 coni.
615 1864 667 1902 Iride
677 1872 753 1901 retror-

34 1926 77 1950 sum
86 1916 156 1952 reddit
166 1929 198 1960 se,
214 1925 276 1963 quem
289 1912 356 1950 Gifan.
370 1913 474 1963 sequitur,
489 1914 563 1950 omisso
573 1920 656 1950 tanturn
668 1929 700 1958 se,
715 1912 752 1950 sed

33 1969 102 2000 metro
112 1964 255 2014 pessumdato,
269 1965 326 2003 Voss.
339 1964 392 2014 coni.
404 1967 456 2003 Iride
467 1976 608 2012 retroversum,
625 1965 681 2014 quod
691 1976 764 2001 rece-¹

32 2014 123 2063 pissern,
135 2015 175 2052 nisi
186 2016 266 2053 adesset
276 2015 312 2061 illa
323 2014 388 2065 Lugd.
399 2018 416 2055 1.
428 2015 504 2061 lecti03
520 2017 611 2055 Gronov.
625 2016 681 2057 obss.
693 2018 718 2064 Il,
732 2016 751 2055 7.

33 2076 54 2114 p.
63 2066 120 2114 261,
135 2079 198 2116 quem
209 2070 259 2107 Hav.
268 2073 365 2118 sequutus
376 2074 416 2116 est,
431 2066 525 2104 defendit
534 2067 676 2117 plurimorum
685 2068 752 2105 libro-

33 2128 82 2152 rum
97 2121 149 2156 Iride
165 2130 285 2163 retrorsum.
299 2131 364 2170 quum
374 2119 400 2155 oh
414 2131 502 2169 sequens
512 2119 595 2156 literam
603 2137 614 2158 r
624 2119 751 2169 praecedens

33 2166 113 2214 syllaba
125 2169 212 2217 produci
222 2170 294 2220 possit,
301 2170 359 2221 ¹quod
369 2169 445 2207 falsum
457 2183 507 2215 esse,
519 2177 566 2221 post
575 2171 625 2209 alios
634 2170 751 2210 rectissime

33 2216 107 2255 docuit
116 2220 212 2261 Schneid.
225 2224 260 2260 Gr.
271 2224 315 2262 Lat.
325 2225 340 2259 Ι.
353 2235 374 2272 p.
385 2220 429 2262 661.
442 2228 463 2259 et
473 2220 517 2262 754.

79 2282 131 2338 522.
158 2288 278 2337 nequeunt]
286 2287 316 2324 sic
330 2287 427 2336 vulgares
441 2285 498 2325 editt.
517 2293 537 2322 et
545 2285 621 2324 Eiclist.
633 2287 683 2323 cum
692 2285 750 2323 libris

32 2329 168 2387 melioribus,
184 2338 258 2385 quibus
275 2339 401 2388 obsequutus
411 2350 468 2383 surn;
482 2338 542 2377 Vtar.
559 2350 569 2375 e
580 2338 646 2388 Lugd.
659 2340 678 2377 1.
689 2336 750 2376 Vind.

32 2381 82 2434 Brit.
91 2383 111 2420 ’2.
122 2386 141 2423 3.
154 2386 212 2426 Cant.
225 2395 246 2425 et
256 2396 307 2429 vett.
317 2390 375 2428 editt.
386 2401 492 2443 nequeunt,
507 2390 543 2442 qui
553 2389 696 2433 oouiunsttvus
706 2400 750 2425 nou

33 2444 71 2469 suo
80 2431 129 2470 loco
141 2448 184 2472 esse
194 2438 285 2479 videtur.
557 2450 562 2452 “

85 2484 130 2525 329.
157 2493 316 2544 compositurus]
331 2505 371 2533 vox
381 2493 456 2544 rarior,
471 2506 534 2546 quam
545 2506 556 2532 e
567 2492 637 2532 Sinnio
648 2490 749 2542 Capitone
