1690 2654
235 88 276 129 AB
292 87 428 129 LIBRUM
443 86 586 127 PRIMUM.
722 83 771 129 217

54 195 219 237 remissionem
235 197 354 249 reliquerit,
379 194 418 234 nos
433 187 597 236 offenderenon
608 201 685 246 posset.
703 216 729 223 —
747 199 770 235 in
785 243 786 246 Ἴ

54 251 137 299 terram]
151 251 214 288 lectio
227 257 258 287 est
268 250 369 292 omnium,
381 256 406 286 ut
414 249 503 296 videtur,
517 248 620 285 librorum
630 249 676 284 Mss.
687 253 709 285 et
718 254 770 285 vett.

55 301 113 339 editt.
127 303 219 351 (praeter
230 304 284 342 Iunt.
296 306 317 338 et
327 298 372 338 illd.
381 302 407 344 2..
421 312 474 349 quae
485 300 526 336 iarn
536 299 645 349 vulgarem
654 298 769 350 lectionem

54 355 77 392 in
88 357 148 393 terris
158 353 279 401 exhibent,)
292 352 381 402 ideoque
393 357 451 388 recte
462 363 474 387 a
485 350 546 388 Wak.
557 350 661 387 restituta:
685 352 715 388 De
728 351 769 390 hac

55 405 210 443 constructione
227 410 310 450 autern,
338 399 367 438 ex'
385 415 437 452 qua,
460 401 570 451 participio
592 401 661 451 aliquo
684 403 770 450 omisso,

54 467 149 506 praepos.
165 454 187 494 in
202 461 277 505 quarto
289 453 345 491 casui
357 452 501 503 coniungitur,
518 453 554 489 ubi
569 458 649 489 sextum
664 461 769 503 exspecta-

54 507 114 555 veris,
125 506 189 544 'coni
201 512 286 556 praeter
299 504 360 543 Wak.
376 503 439 544 adh.
454 503 468 541 l.
486 509 507 541 et
522 504 540 553 I,
555 504 612 542 1081.
640 505 730 543 Gronov.
746 511 769 544 et

54 558 161 597 Drakenb.
172 557 199 595 ad
207 558 252 596 Liv.
262 559 287 603 II,
297 554 329 596 14.
344 557 360 606 8.
373 553 392 594 4.
408 561 429 592 et
441 555 528 604 saepius.
555 554 658 592 Snakenb.
668 556 690 592 in
700 556 769 595 indice

54 608 81 646 ad
92 609 189 646 Curtium
199 622 215 646 s.
226 622 246 647 v.
263 606 291 647 in.
318 607 411 652 Vorstius
422 606 449 643 ad
465 606 510 646 Val.
523 607 601 657 Mani,
611 608 630 650 6,
641 608 660 645 3.
685 608 769 645 (lortius

54 660 81 699 ad
91 660 140 698 Sall.
151 662 193 699 Get.
203 662 234 700 19.
263 663 367 698 Burmann
378 658 404 696 ad
416 657 472 696 uvid.
483 660 531 696 Her.
544 658 599 705 XVI,
610 658 655 698 138.
669 657 771 709 idemque

54 711 177 754 avahaedr.
187 714 203 760 ],
213 712 232 751 5.
259 710 351 749 Oudend.
371 717 393 748 et
407 710 496 747 Oberlin.
514 708 541 746 ad
559 710 616 747 Caes.
636 712 658 748 B.
670 711 690 748 C.
708 712 723 759 I,
734 711 769 751 25,

55 764 159 801 Goerenz.
172 763 198 800 ad
209 764 249 801 Cic.
264 763 289 799 de
300 763 355 813 legg.
367 762 402 810 ΙΙΙ,
418 762 451 799 17.
460 774 480 810 p.
490 762 535 799 268.
557 760 638 797 Wa'lch.
651 762 768 800 Emendatt.

28 835 32 839 -
52 813 259 865 Liv-p.46.3Ruddim
266 817 315 852 lust.
322 815 356 850 Gr.
363 815 388 851 II.
397 826 418 862 p.
423 812 468 852 325.
475 818 519 849 not.
524 813 542 851 3.
549 817 570 848 et
579 824 631 862 quos
641 812 676 851 hic
688 813 767 852 laudat.

105 868 149 906 896.
176 866 242 904 Bentl.
253 864 306 904 coni.
316 866 394 917 inquit,
407 875 483 913 parum
494 862 592 914 cogitate.
666 862 668 865 '

104 919 149 957 899.
174 921 250 957 Versus
270 916 292 953 in
314 915 376 953 Codd.
399 920 421 951 et
440 915 498 952 editt.
522 920 573 953 vett.
593 913 647 952 mire
665 915 769 956 turbatus.

53 968 118 1007 Godd.
134 968 200 1019 Lugd.
216 970 234 1007 1.
248 970 267 1007 2.
283 980 321 1018 pro
334 968 429 1019 flammai
447 965 544 1003 exhibent
554 969 662 1018 flammae,
685 967 769 1018 vulgari

52 1032 137 1066 errore3
153 1019 201 1057 God.
211 1021 231 1059 2.
241 1022 358 1072 fluxerunt;
371 1029 410 1067 pro
418 1019 473 1069 flore
486 1022 556 1054 autern
568 1016 630 1057 Godd.
644 1015 704 1058 Vind.
717 1018 767 1059 Brit.

51 1072 70 1112 2.
82 1072 100 1111 3.
117 1071 177 1109 Cant.
190 1071 286 1124 fulgore,
299 1071 359 1107 Poor.
377 1081 432 1115 rore,
451 1080 490 1118 pro
504 1068 768 1110 warnecautium·
804 1091 806 1093 ’

50 1137 121 1166 rusco‚·
135 1122 186 1159 etin
197 1122 256 1159 Bodl.
268 1121 336 1158 omnis
348 1132 418 1157 versus
431 1119 460 1156 sic
471 1119 578 1156 sehabet:
592 1125 619 1157 D.
630 1132 699 1159 coorto
716 1122 765 1170 fuls.

46 1174 133 1226 fulgure
142 1175 258 1226 flammau-
281 1171 341 1219 Quod
355 1183 405 1209 vero
424 1170 484 1209 editt.
499 1177 550 1208 vett.
563 1171 652 1220 attinet,
675 1172 697 1210 in
711 1166 766 1211 Brix.

50 1224 140 1276 legimus
158 1228 186 1265 D.
201 1226 282 1263 cohorto
292 1224 345 1276 suls.
358 1221 418 1273 fulg.
435 1221 545 1275 flammae,
569 1222 591 1260 in
608 1223 655 1262 Ver.
672 1224 723 1265 Veu.
738 1230 765 1264 D.

51 1287 119 1315 coorto
126 1275 177 1328 fult.
186 1278 285 1329 flammae
289 1276 347 1329 fulg.
357 1273 434 1332 inAld.
446 1276 463 1313 1·
474 1276 493 1312 2.
504 1276 552 1311 Bon.
562 1279 592 1316 J).
602 1276 656 1326 flux.
666 1278 766 1328 flammae

46 1328 194 1379 fulg.scoorto.
230 1331 283 1365 lunt.
299 1339 382 1365 versum
396 1337 426 1361 stc
440 1326 533 1373 exhibet,
556 1332 636 1377 thnos
652 1339 700 1364 cum
713 1330 765 1367 Hav.
821 1357 824 1360 .

50 1378 111 1423 Wak.
124 1383 145 1415 et
159 1377 235 1417 Eichst.
247 1377 356 1416 edidimus.
385 1376 481 1414 Ceterum
490 1375 605 1414 formulam
614 1379 658 1428 flos
667 1380 765 1430 flammae

49 1428 94 1473 i,7e.
110 1429 242 1467 Graecorum
254 1428 321 1481 πυρὸς
334 1425 412 1473 ἄνθος,
431 1430 498 1479 (quae
510 1428 626 1479 paullulum
640 1435 722 1468 mutata
731 1442 766 1469 re-

50 1480 82 1517 dit
95 1482 129 1525 IV,
140 1479 201 1527 451.)
220 1481 304 1532 copiose
318 1480 448 1517 illustrarunt
463 1481 531 1516 Faber
545 1487 567 1516 et
580 1480 662 1521 Wakef.
678 1494 765 1530 compa·
778 1515 780 1517 .

49 1532 100 1569 ratis
116 1531 168 1580 locis
184 1533 271 1570 Homeri
286 1532 309 1569 Il.
325 1533 361 1578 IX,
370 1532 415 1569 212.
426 1533 501 1578 XXIII,
515 1532 560 1569 228.
580 1532 653 1574 Aesch.
664 1534 733 1571 Prom.
743 1534 763 1572 7.

20 1582 22 1585 ’
48 1583 110 1621 Mart.
126 1580 220 1634 Capellae
236 1585 274 1632 VI,
290 1584 323 1623 21.
346 1581 407 1620 Marii
419 1581 473 1623 Vict.
489 1581 510 1619 iu
524 1594 570 1634 gen.
585 1584 606 1632 I,
621 1584 654 1624 98.
670 1583 763 1636 aliisque,

50 1634 122 1684 (Gonf.
136 1636 199 1673 etiam
209 1637 270 1676 Lucr.
280 1638 313 1673 III.
325 1636 370 1676 222.
379 1633 451 1685 ibique
460 1637 575 1676 annotata.)
764 1663 768 1669 .

48 1731 49 1734 Ἰ
66 1690 69 1693 ’
100 1687 146 1725 903.
168 1688 243 1739 foeta]
257 1686 287 1724 sic
296 1689 346 1726 Hav.
354 1692 375 1723 et
380 1686 497 1725 Wakrcum
502 1685 598 1722 omuibus
606 1685 669 1724 Godd.
680 1692 701 1723 et
711 1692 763 1726 vett.

48 1733 107 1788 editt.
116 1745 202 1787 'praeter
215 1741 269 1778 lunt.
280 1744 301 1776 et
312 1737 357 1778 Ald.
368 1738 394 1781 2..
410 1749 463 1788 quae
474 1736 517 1775 iam
527 1736 635 1788 vulgarem
648 1736 762 1776 lectionem

27 1812 29 1815 ν
48 1793 108 1828 tama
119 1789 224 1828 exhibent.
251 1794 333 1836 „Facta
344 1791 432 1842 flamma
445 1794 476 1826 est
490 1789 532 1826 iam
549 1788 641 1826 formata
653 1789 761 1827 etincor-

46 1850 86 1888 pus
94 1839 193 1891 vividum,
208 1840 296 1879 confluis
305 1841 425 1890 seminibus,
435 1839 542 1891 globata.“
561 1843 593 1878 W
594 1854 607 1877 a
611 1841 630 1878 k.
641 1839 687 1880 Vid.
696 1840 761 1879 etiam

47 1891 81 1939 VI,
91 1892 136 1930 182.
147 1894 189 1934 217.
199 1893 244 1933 305.
257 1894 303 1932 869:
313 1898 353 1930 etc.

11 1987 15 1991 ,
97 1940 143 1981 904.
168 1943 276 1982 Miraehic
286 1942 419 1994 reperiuntur
429 1939 524 1980 lectionis
534 1938 650 1990 varietates,
664 1942 759 1993 equibus

47 1991 137 2040 meliori,
149 2007 213 2045 quam
222 1995 325 2048 vulgatae,
338 1993 423 2032 lectioni
434 1992 537 2031 eruendae
546 1991 649 2044 imparem
661 2006 696 2031 me
705 2007 759 2044 pro-

46 2043 114 2084 fiteor.
132 2045 172 2084 Pro
182 2049 244 2087 ullum
254 2059 331 2102 tempus
339 2046 394 2083 enim
405 2045 453 2082 God.
465 2044 514 2082 Brit.
523 2045 543 2084 3.
556 2046 604 2082 ullis
613 2046 682 2098 lignis,
693 2046 757 2085 Codd.

5 2126 7 2128 ,
46 2093 95 2134 Brit.
110 2097 129 2135 1.
140 2104 160 2134 et
169 2100 230 2139 Poor.
240 2112 289 2138 cum
299 2098 348 2138 edit.
360 2097 413 2137 Brix.
427 2099 493 2136 lumen
503 2098 566 2135 ullum
575 2095 663 2143 habent,·
675 2098 697 2135 in
707 2097 756 2137 Brit.

46 2147 66 2188 2.
77 2151 98 2184 et
108 2146 167 2186 Vind.
176 2162 217 2200 yox
227 2162 305 2205 tempus
315 2149 361 2200 (vel
373 2152 451 2196 lumen)
466 2148 550 2187 omnino
561 2147 624 2185 deest.
711 2200 713 2202 Ι

98 2199 143 2238 908.
167 2201 252 2241 Retiuui
261 2216 310 2242 curn
318 2202 394 2242 Eichst.
403 2200 512 2253 vulgarem
519 2199 633 2239 lectionem
638 2203 756 2241 continean-

46 2261 92 2297 tur,
109 2261 173 2299 quam
186 2253 247 2291 Wak.
258 2268 270 2292 e
279 2254 376 2305 -plurimis
387 2265 436 2290 sane
446 2250 505 2297 libris
520 2252 542 2288 in
552 2250 698 2305 contingantur
707 2266 756 2290 mu·
812 2297 820 2302 st

45 2300 103 2340 tavit.
130 2301 170 2339 Sed
180 2315 244 2352 quum
253 2306 288 2344 hic
298 2310 367 2344 versus
376 2305 457 2356 saepius
468 2318 480 2342 a
489 2303 586 2341 Lucretio
592 2310 706 2354 repetatur,
715 2317 755 2342 nec

44 2352 201 2403 usquam'aliud
211 2356 305 2406 verbum,
318 2371 380 2409 quam
391 2359 490 2397 contineri
498 2361 621 2405 usurpatum
632 2357 670 2403 sit,
684 2355 753 2404 (conf.

44 2404 268 2457 1,818.H.761.1008.)
281 2408 316 2447 hic
326 2410 388 2447 etiam
398 2408 419 2446 id
431 2407 554 2446 servandum
566 2406 620 2455 duxi,
633 2407 684 2445 li'oet
693 2419 753 2457 prae-

44 2462 78 2495 ter
86 2455 182 2494 Lambini
192 2458 269 2510 Godd.,
284 2472 336 2511 quos
345 2461 400 2500 hauc
411 2461 524 2499 lectionem
535 2458 589 2498 tueri
600 2471 611 2495 e
621 2459 703 2497 silentio
713 2458 752 2496 viri

75 2525 191 2553 noceamus.
580 2514 599 2553 Τ
