1690 2654
121 63 170 110 396
340 64 620 108 ANNOTATIONES

120 175 193 214 laudat
202 176 273 212 Senee.
285 173 344 224 epist.
355 173 386 215 14.
401 176 452 225 (imo
465 177 505 226 89.)
519 177 628 228 Sapientia
638 186 680 225 est,
695 192 755 230 quom
766 179 840 216 Graeci

121 227 222 276 σοφίαν
235 238 324 275 nocant,
338 233 359 265 et
373 227 484 266 Afranium
499 231 554 278 apud
567 228 623 267 Geli.
631 230 656 266 N.
668 232 691 266 A.
702 231 758 276 XIII,
770 231 788 268 8.
804 232 842 267 So·

116 281 188 332 phium
199 288 274 318 nocant
285 294 316 318 rne
328 282 396 323 Graii,
410 295 447 319 uos
456 283 593 331 Sapientiam.

171 331 203 369 13.
231 332 331 381 aliorum]
346 331 404 372 Bodi.
415 331 470 371 Brir.
478 335 527 375 Ver.
538 333 590 373 Ven.
603 333 690 372 illorum,
716 334 792 374 Versus
809 330 842 370 in·

118 389 178 434 teger
189 382 248 420 abest
259 395 271 420 a
281 384 331 421 Brit.
343 384 362 423 3.
545 392 551 399 “

170 436 203 474 20.
230 434 312 484 didita]
327 435 388 474 vind.
398 435 462 475 Poor.
471 434 522 474 Brit.
532 437 552 475 2.
564 436 584 474 3.
598 437 654 474 Cant.
668 442 689 472 et
699 448 770 472 ornnes
782 434 841 472 editt.

118 492 169 524 vett.
182 492 267 534 praeter
277 488 332 527 lunt.
344 494 366 525 et
374 486 420 525 Alci.
431 489 451 529 2-
464 489 541 528 dedito.
566 487 644 538 (Cani.
656 487 683 525 ad
693 489 727 536 III,
740 485 841 526 2461476.

117 539 155 588 IV,
167 537 213 577 241.
225 539 279 587 etc.)
403 543 407 551 ”
756 562 758 565 .

172 592 206 629 21.
232 589 325 640 animos]
338 590 426 641 ²„Lugsb
440 592 459 631 2.
476 594 578 639 onimum3
592 591 607 630 i.
622 603 639 629 e.
653 593 734 640 animo,
748 589 781 628 vel
795 595 840 629 oio:

118 641 176 681 unde
187 648 218 680 est
228 649 301 680 enatus
309 645 396 681 error.“
410 646 443 682 W
444 645 483 681 on.
503 644 505 647 ’
676 656 678 659 ·

172 696 204 734 22.
231 694 355 741 antistaret]
370 693 399 730 sic
414 706 454 730 vox
468 693 567 731 scribitur
576 693 598 731 in
608 691 704 731 omnihus
712 691 770 730 libris
786 691 841 740 (non

119 747 259 791 antestaret);
272 757 341 794 neque
351 745 412 782 aliter
421 745 541 797 Fulgentius
552 745 577 783 de
587 745 649 794 prisc.
658 746 764 791 serm.28.‚
778 756 841 794 quem

118 797 180 837 Wak.
197 796 275 836 laudat.
301 795 346 832 Alia
361 796 422 834 huius
439 797 495 833 vocis
512 797 607 846 exempla
618 802 767 847 congesserunt
778 795 840 833 Colu-

118 861 171 886 mna
183 847 210 885 ad
220 848 308 885 Ennium
320 861 339 896 p.
349 848 394 888 337.
409 851 443 899 (p.
452 848 499 888 215.
508 849 579 898 Hess.)
593 855 614 887 et
624 852 731 887 Staveren.
742 846 768 885 ad
779 848 839 885 Corn.

118 902 173 951 Nep.
186 901 246 937 Arist.
258 905 273 938 I.
285 902 302 950 ξ.
312 901 331 939 Ξ.

171 952 205 992 24.
232 950 353 1000 Nemeaeus]
364 951 425 989 Vind.
435 950 485 990 Brit.
490 953 510 993 3.
519 950 575 989 Brir.
587 954 676 991 Nemeus
685 950 719 988 vel
730 953 839 996 nemaeus,

118 1005 168 1042 Ver.
180 1005 232 1041 Ven.
249 1020 273 1043 ne
289 1020 355 1051 meus,
371 1003 427 1054 quod
442 1004 500 1042 idem
518 1010 559 1051 θεῖς
572 1003 618 1042 Ald-
630 1006 648 1043 1.
662 1006 713 1043 Bon.
729 1006 839 1048 nemiueur,

118 1057 179 1095 Poor.
191 1060 289 1103 moriens,
305 1058 362 1097 Cant,
372 1059 462 1096 ueniens.
629 1057 631 1061 ’

171 1109 204 1146 28.
230 1111 355 1159 tripectora]
368 1108 419 1148 Brit.
434 1111 452 1148 2.
464 1108 525 1145 tunt.
542 1110 664 1162 tripectorie
677 1130 703 1138 -
716 1109 748 1146 uis
765 1107 838 1144 Gario-

119 1158 167 1209 noi]
186 1158 247 1198 Vind.
266 1160 327 1199 Poor.
348 1160 402 1198 Brix.
416 1163 463 1199 Ver.
479 1162 530 1199 Veri.
545 1164 576 1199 vir
593 1164 686 1211 Geryone
700 1159 734 1196 vel
748 1161 840 1210 gerione,

119 1211 169 1249 Brit.
181 1212 200 1250 3.
212 1214 245 1249 nis
258 1214 368 1262 Geryonis,
384 1212 444 1250 Cant.
461 1214 493 1251 uis
509 1215 640 1262 Geryonaea,
654 1211 703 1248 Brit.
713 1212 732 1251 1.
744 1212 840 1261 tergemi-

119 1278 182 1301 nusue
202 1266 306 1309 Geryone,
321 1262 366 1299 Ald.
377 1265 395 1301 1.
409 1266 458 1301 Bon.
469 1278 546 1316 quoque
558 1267 662 1315 Geryonae
673 1265 711 1302 uis.
739 1262 839 1298 ceterum

119 1312 214 1352 Schneid.
228 1314 265 1351 Gr.
278 1315 321 1350 Lat.
334 1314 362 1350 Π.
373 1326 393 1363 p.
405 1316 437 1352 22.
453 1315 510 1351 hune
522 1315 594 1352 locum
603 1314 665 1351 affert
674 1313 791 1363 exemplum
802 1312 840 1349 ob-

118 1364 180 1403 soleti
190 1364 276 1416 genitivi
285 1369 312 1412 ai
317 1366 381 1402 etiam
387 1366 408 1402 in
414 1363 534 1404 nominibus
540 1366 651 1404 masculini
657 1365 738 1413 generis
745 1363 839 1402 adhibiti.

171 1418 214 1453 Vss.
222 1418 248 1455 29
258 1429 284 1453 ss.
310 1417 334 1453 in
343 1417 441 1454 omnihus
453 1417 519 1455 Godd.
535 1422 631 1467 (praeter
642 1416 715 1465 Vinci„
729 1415 764 1467 qui
774 1429 792 1453 v.
805 1416 837 1454 31.

118 1469 152 1508 32.
162 1481 247 1518 prorsus
258 1467 357 1517 omittit‚)
372 1475 393 1505 et
404 1469 461 1507 editt.
472 1468 525 1505 Brix-
537 1471 586 1506 Ver.
598 1470 649 1506 Ven.
657 1468 721 1518 nulla,
730 1474 766 1506 aut
775 1467 839 1505 levis-

119 1520 173 1559 sima
183 1525 272 1567 tantum,
286 1519 396 1557 literarum
407 1520 509 1558 varietate
519 1521 549 1557 sic
559 1521 668 1571 leguntur:

197 1576 226 1611 Et
238 1574 344 1612 Diomedis
353 1575 410 1625 equi,
423 1576 526 1625 spirantes
536 1569 620 1612 noiibus
632 1573 715 1624 ignem?

199 1627 314 1676 Tantopere
324 1625 429 1675 officerent
438 1626 496 1663 nobis
504 1626 617 1677 stirnpltalo
627 1626 715 1662 colentes

201 1677 288 1714 Thracia
298 1680 443 1727 Bistoniasque
449 1678 526 1728 plagas
537 1688 599 1728 atquc
611 1679 691 1714 Ismara
701 1676 799 1726 propter?

119 1728 143 1765 In
154 1724 199 1764 ild.
213 1728 230 1765 1.
236 1755 242 1775 ,
257 1739 320 1777 quam
336 1730 385 1766 Bon.
401 1730 455 1765 Iunt.
471 1727 518 1768 Ald,
528 1729 548 1766 2.
566 1733 587 1764 et
598 1740 670 1764 omnes
680 1726 767 1763 seriores
780 1724 838 1765 editt.

119 1784 220 1828 sequutae
237 1784 295 1826 sunt,
308 1778 400 1828 primurn
415 1777 536 1829 transpositi
546 1784 647 1829 apparent
658 1791 676 1817 v.
686 1779 718 1817 30.
729 1783 750 1815 et
760 1778 803 1823 31„
817 1784 838 1814 et

120 1842 145 1866 ex
160 1830 213 1875 hoc,
227 1830 296 1866 verbis
311 1833 407 1882 uncisque
419 1833 521 1869 timendae
538 1831 653 1883 linguitur,
667 1831 770 1868 Arcadiae
780 1829 814 1867 nol
828 1850 837 1857 -

120 1896 163 1920 ores
175 1880 273 1927 insertis,
286 1880 327 1918 duo
339 1894 410 1918 versus
421 1882 483 1928 facti3
499 1893 552 1932 quae
562 1882 638 1929 verba,
652 1887 724 1929 aperte
735 1880 805 1928 spuria
816 1887 838 1916 et

118 1931 295 1982 interpretationis
310 1945 372 1971 causa
387 1932 458 1971 addita
475 1933 500 1970 ab
516 1932 615 1978 homine,
631 1932 665 1969 cui
677 1934 793 1982 stymphalo
802 1946 837 1969 eo-

119 1985 183 2021 lentes
191 1997 234 2021 non
243 1984 359 2022 satis-clare
369 1985 448 2022 dictum
458 1985 573 2031 videbatur,
584 1983 644 2022 Wak.
655 1982 730 2021 Eiobst.
742 1989 763 2020 et
773 1982 835 2020 Orell.

119 2036 278 2085 praeeuntibus,
292 2037 351 2074 uncis
368 2037 455 2084 inclusi,
468 2037 566 2073 libentius
581 2042 651 2071 tamen
662 2047 746 2083 prorsus
757 2034 837 2071 onrisis-

119 2097 170 2125 sem.
195 2088 235 2125 Pro
251 2089 339 2127 Thracia
352 2095 434 2136 autem,
452 2088 546 2125 omnium
559 2086 604 2123 fere
618 2086 722 2123 librorum
737 2085 836 2132 lectione,

120 2149 184 2188 quam
195 2138 256 2177 Walr.
271 2139 306 2186 (et
321 2139 413 2188 Eichst.)
423 2139 522 2185 retinuit,
541 2139 586 2177 loca
598 2137 766 2188 subintelligens,
779 2136 837 2187 quod

118 2189 173 2225 mihi
183 2190 281 2227 audacius
293 2191 381 2233 videtur,
395 2204 406 2228 e
418 2192 474 2228 coni.
487 2190 543 2227 edidi
555 2192 669 2235 Thraciam,
683 2189 762 2226 duabus
774 2187 837 2238 sylla-

119 2239 152 2279 bis
161 2241 350 2287 pronuntiandum
366 2242 429 2291 quod,
442 2243 492 2279 licet
502 2240 578 2278 similia
588 2241 683 2290 exempla
692 2252 735 2277 non
746 2240 837 2277 habeam

119 2290 237 2339 efferenda,
251 2292 268 2329 si
278 2292 401 2344 cogitamus,
415 2300 495 2332 veteres
506 2295 611 2331 Romanos
621 2293 704 2331 literam
716 2291 800 2331 eubivis
812 2297 836 2329 ut

119 2347 250 2382 Graecorum
264 2357 276 2381 n
293 2346 415 2393 protulisse,
428 2346 451 2383 in
465 2344 563 2383 Lucretio
576 2345 670 2395 inprimis
679 2344 730 2383 mihi
739 2356 782 2382 non
793 2344 836 2381 im-

118 2395 230 2446 probabile
246 2395 334 2434 videtur.
348 2400 415 2443 Quam
427 2397 490 2435 facile
501 2410 551 2434 vero
565 2411 577 2435 a
587 2397 685 2445 librariis,
695 2397 718 2434 in
726 2397 767 2433 hac
777 2395 835 2445 syni-

119 2446 160 2487 zesi
169 2446 330 2495 offendentibus,
338 2448 415 2487 lineola
424 2450 564 2501 superscripta
573 2450 643 2488 omitti
652 2443 732 2500 potuit!
744 2448 810 2500 tuga.
819 2448 836 2486 1.
