1690 2654
50 107 52 112 ·
95 93 143 140 460
328 94 600 137 ANNOTATIONES

94 217 143 244 rum
158 204 303 251 commutatis,
318 210 340 242 et
355 217 379 243 ex
396 204 531 244 desuetudine
542 206 563 244 in
576 206 743 244 aestimationem
753 204 815 244 vicis-

95 258 133 296 sim
143 256 304 305 xenientium;“
319 270 372 308 quae
381 257 488 308 argutiora
499 272 561 309 quam
572 259 655 297 veriora
667 271 709 296 esse
717 265 776 308 puto.
827 267 829 270 '

147 310 204 348 1279.
231 309 294 360 miro]
309 310 339 347 sic
349 310 397 347 Brit.
407 313 438 353 2..
454 323 529 362 quem,
543 311 603 349 Wah.
614 311 726 356 suadente,
739 322 815 360 sequu-

94 366 128 398 tus
139 373 196 406 sum,
210 367 234 412 ut
244 364 294 401 miro
305 364 381 401 honore
392 361 418 399 ad
423 364 489 413 floret
499 363 615 410 reseratum
630 361 694 400 ceteri
705 361 755 399 libri
764 365 815 401 miro

94 425 138 460 est,
151 419 175 451 ut
188 412 258 465 vulgo.
272 435 298 442 --
310 414 398 465 honore]
413 414 474 455 Vind.
486 416 535 454 Brit.
546 416 566 456 2.
575 418 672 465 honores,
686 413 742 452 unde
754 415 782 452 W
782 412 815 452 ak·

93 465 231 505 fecithonore
241 477 278 506 est.
472 480 478 488 ⁵
510 491 511 494 =

148 519 207 557 1281.
234 517 288 566 „Sic
297 518 383 556 mallem
393 518 482 557 dedisset
491 525 574 557 noster:
587 541 612 548 -
625 511 650 548 ὶ-
664 530 739 558 natura
749 533 816 570 reper-

94 581 131 616 ta,
146 573 181 608 Sic
185 570 253 621 facile
262 580 293 609 est
305 587 342 609 —:
355 583 424 622 neque
436 571 497 609 aliter
509 572 610 621 scriptum
623 570 701 608 offendi
711 576 785 619 postea
793 569 816 607 in

93 622 158 660 Pocr.
186 621 226 658 Sed
238 621 290 659 nihil
301 634 362 666 ausus
371 635 418 660 sum
429 635 519 668 novare;
534 636 583 660 nam
593 629 679 671 recepta
690 621 754 659 videri
765 634 816 671 pos-

94 672 137 723 sint
150 673 291 723 simpliciora,
310 680 373 724 atque
389 674 441 711 adeo
453 672 680 725 Lucretium’penitius
693 674 794 723 resipere.
800 674 815 697 “

95 728 166 764 Wak.
180 748 207 753 -
220 724 273 778 ipsi]
288 724 334 761 ind.
345 727 363 764 r.
377 728 427 763 son.
437 721 507 777 metm.

146 778 205 816 1283.
232 776 346 826 sylvarum]
362 778 422 816 Poor.
434 777 482 814 Brit.
493 779 513 816 2.
526 778 633 829 lignorum.

127 861 129 863 .
148 826 206 867 1284.
234 832 262 866 Ec
271 831 360 879 flamma
374 829 449 879 atque]
464 829 494 865 sic
508 828 568 867 Wak.
584 841 633 866 cum
644 826 741 878 LugM.
754 825 815 866 Vind-

94 881 153 917 Cant.
165 879 212 918 Ald.
223 881 241 918 1.
252 882 301 918 Bon.
310 882 374 926 Iunt.;
388 881 441 919 Brix.
451 882 637 933 Efflommontqum
652 881 699 917 Ver.
713 881 764 918 Ven.
777 879 817 930 Ef

90 934 217 984 flaminum,
231 932 291 969 Poor.
304 934 458 984 Etflammom‚
473 932 522 971 Brit.
533 934 555 972 le
568 937 596 971 Et
603 933 721 984 flainmati,
736 928 785 968 Brit.
795 931 815 970 2.

94 988 124 1022 Et
131 986 221 1035 flumina
234 994 295 1035 atque
301 999 309 1027 ;
322 984 384 1035 vulgo
400 989 428 1023 Et
434 986 534 1036 flantmae
547 995 613 1037 atque.
639 982 710 1021 BentL
720 980 774 1019 coni.
786 987 816 1020 Ab

89 1037 200 1087 flammae,
214 1034 257 1072 imo
274 1047 359 1073 omnem
373 1047 458 1074 versum
472 1035 585 1074 delendum
600 1042 684 1081 censet,
702 1039 816 1084 utrumque

94 1085 139 1125 sine
152 1099 215 1123 causa
224 1085 306 1128 idonea.

148 1132 205 1177 1'285.
233 1137 306 1188 „ferri
320 1141 361 1185 vir,
375 1138 411 1190 βίη
428 1135 527 1189 σιδήρου,
541 1144 565 1176 ut
579 1149 643 1188 supra
654 1150 675 1175 v.
686 1134 743 1177 1241.
759 1146 818 1189 pote-

95 1199 140 1228 stas
146 1189 231 1241 plumbi.
258 1189 324 1227 Aliter
332 1190 390 1240 Virg.
401 1192 451 1226 Geo.
461 1193 476 1237 l,
487 1190 531 1230 143.
538 1190 594 1241 ferri
601 1192 668 1242 rigor,
683 1196 705 1226 et
714 1192 764 1226 Aen.
775 1189 816 1237 Vn,

95 1242 141 1280 609.
148 1240 205 1293 ferri
213 1241 297 1286 robora,
312 1253 366 1291 quae
377 1248 426 1278 sunt
435 1241 569 1279 nihilominus
580 1240 686 1277 formulae
699 1238 817 1277 consimiles

95 1297 117 1329 et
128 1292 212 1329 Graeco
221 1304 281 1329 more
290 1291 414 1330 fabricatae.
421 1292 435 1314 “
449 1295 481 1332 W
483 1308 496 1331 a
502 1295 522 1331 ic.
550 1290 622 1340 (Gonf.
634 1290 696 1329 etiam
707 1291 733 1329 ad
742 1293 775 1339 ΙΙΙ,
783 1291 817 1340 7.)

147 1344 205 1383 1288.
220 1340 305 1382 'Lamo
315 1343 358 1382 iarn
369 1343 444 1393 docet,
457 1350 553 1382 nostrum
563 1342 598 1382 hic
607 1342 713 1382 imitatum
723 1355 766 1381 esse
776 1343 817 1381 He-

95 1392 178 1433 siodum
191 1398 242 1446 Opp.
257 1402 278 1434 et
289 1395 328 1433 Dd.
341 1392 386 1436 150.
403 1424 407 1443 3
424 1401 430 1413 ¹
512 1429 526 1437 -.

125 1469 129 1474 -
147 1448 205 1486 1289.
230 1447 301 1497 vasto]
316 1440 418 1487 Brit-23.
431 1446 484 1487 Brix.
496 1447 545 1485 Ver.
557 1449 609 1487 Ven.
617 1443 690 1497 fasta,
703 1448 764 1484 Poor.
770 1446 816 1499 fes-

95 1499 200 1545 aasBrit.
211 1499 230 1539 1.
241 1499 310 1550 festa.
336 1503 387 1548 „An
397 1495 491 1548 feda?“
510 1497 592 1550 quaerit
606 1498 680 1545 Wak.;
701 1498 758 1549 quod
772 1510 816 1536 uon

96 1549 229 1588 crediderim.
244 1572 270 1578 -—
283 1551 349 1588 Bentl.
360 1550 415 1593 cdni.
427 1553 495 1589 luctus
505 1562 526 1589 et
535 1551 623 1602 funera,
636 1548 817 1605 ‹premadmodum

94 1600 154 1652 Virg.
164 1605 213 1639 Aen·
225 1603 253 1652 X,
263 1603 309 1642 755.
315 1602 327 1650 ‚³
334 1603 430 1653 inprimis
440 1614 505 1654 quum
515 1607 587 1639 noster
596 1601 660 1639 etiam
669 1602 703 1649 VI,
717 1597 774 1641 1224.
786 1600 817 1639 di·

96 1659 131 1689 cat
141 1652 223 1702 funera
236 1666 302 1693 vasta.
328 1657 375 1704 Ipse
390 1659 473 1700 tamen,
486 1658 511 1689 ut
521 1652 581 1691 Wak.
594 1652 656 1699 dicit,
671 1665 710 1702 pro
727 1651 816 1703 vulgatis

95 1716 172 1754 agens,
187 1705 280 1754 apposite
294 1706 397 1755 provocat
411 1705 438 1742 ad
452 1704 521 1753 Enrip.
535 1706 581 1742 Ion.
595 1707 626 1743 60.
643 1705 651 1750 (
656 1703 754 1754 πολέμιος
767 1703 817 1743 κλύ-

96 1755 160 1804 δων),
175 1755 230 1793 sicut
240 1756 305 1794 etiam
314 1756 410 1794 meminit
420 1755 513 1794 Lucretii
522 1755 587 1805 ipsius
596 1758 621 1802 V,
634 1754 690 1795 1434.
706 1757 768 1804 (belli
779 1771 816 1794 oe-

95 1808 164 1854 stus);
181 1813 201 1844 et
215 1807 278 1846 Orell.
292 1808 343 1846 citat
354 1808 453 1845 Husehhii
464 1807 523 1846 hnal.
535 1808 582 1847 crit.
591 1821 614 1858 p.
624 1809 683 1856 mr,
697 1807 734 1845 uhi
745 1819 770 1844 ex
780 1807 816 1846 Vi-

96 1858 158 1896 ctorii
169 1859 232 1896 Varr.
248 1861 316 1899 Lectt.
331 1862 436 1906 XXXVII,
451 1861 470 1898 7.
489 1859 588 1896 laudatur
600 1859 759 1909 Theopompus,
773 1858 816 1910 qui,

95 1916 148 1947 teste
158 1909 281 1961 Plutarcho,
296 1911 376 1949 dixerat
387 1910 454 1962 ῥεῦμα
464 1910 499 1950 καὶ
510 1908 606 1950 κλύδωνα
615 1909 713 1960 πολέμου.

148 1962 191 1999 Vss.
204 1964 262 2002 1292.
273 1971 295 2001 et
304 1965 361 2003 1293.
388 1963 507 2002 Macrobius
519 1963 582 2000 affert
592 1963 628 2010 VI,
638 1964 656 2001 1.
670 1964 699 2012 (p.
708 1963 752 2002 161.
762 1961 815 2012 Bip.)

97 2024 145 2050 cum
155 2014 213 2064 Virg.
223 2018 273 2055 Aen.
284 2017 332 2063 Vn,
344 2018 389 2056 635.
402 2023 423 2053 et
434 2017 485 2053 Geo.
495 2017 515 2061 l,
526 2015 571 2053 508.
590 2020 732 2063 comparet0s3
751 2019 772 2050 et
785 2014 817 2053 ita

97 2063 195 2113 quidem,
207 2072 231 2102 ut
242 2079 281 2115 pro
294 2067 375 2118 vulgari
386 2067 481 2104 omnium
492 2065 596 2102 librorum
608 2065 732 2103 lectionem
744 2080 817 2117 oppro-

96 2116 161 2154 brium
176 2117 271 2155 exhibeat
284 2121 305 2157 in
321 2121 451 2167 obscoenum,
466 2117 523 2168 quod
534 2116 607 2165 Wan,
621 2116 713 2154 Bentleio
723 2128 816 2163 suasore,

96 2166 188 2216 recepit,
201 2168 276 2207 Eichst.
295 2176 316 2207 et
331 2170 395 2210 Orell.
413 2175 528 2207 servarunt.
555 2171 608 2207 lunt.
625 2169 689 2205 hahet
705 2169 816 2216 obscurum,

97 2219 154 2268 quod
169 2231 180 2256 e
194 2221 297 2259 Macrobii
310 2222 402 2260 lectione
419 2227 550 2269 correctum,
564 2220 598 2257 vel
611 2221 680 2269 potius
692 2225 817 2269 corruptum

96 2276 155 2319 puta.
192 2272 256 2309 Recte
272 2273 328 2311 euim
343 2273 403 2312 Wah.
420 2279 530 2309 annotasse
545 2271 638 2308 videtur:
658 2271 741 2319 „Poeta
757 2270 816 2317 dicit,

96 2321 175 2359 falcem
184 2322 284 2374 ahenam,
298 2331 322 2362 ut
332 2325 496 2362 instrumentum
508 2323 609 2369 militare,
623 2323 644 2360 in
657 2320 816 2359 desuetudinem

97 2373 178 2420 abiisse,
192 2374 218 2411 ad
228 2388 275 2413 usus
284 2378 378 2428 magicos
389 2388 517 2414 conversam.
544 2376 597 2412 llinc
607 2374 684 2424 pendet
693 2376 741 2413 Hor.
750 2372 815 2423 Epod.

96 2427 120 2472 V,
131 2427 170 2475 98„
185 2426 222 2463 ubi
233 2430 328 2467 obscenae
338 2444 389 2467 anns
398 2435 446 2465 sunt
455 2429 563 2476 veneficae,
578 2433 601 2463 ut
611 2424 718 2464 ascensius
727 2425 816 2475 pulchre

96 2477 204 2516 intellexit.
213 2478 226 2500 “
253 2482 350 2518 Ceterum
365 2479 426 2520 Wak.
443 2478 518 2518 Eicltst.
531 2485 552 2516 et
564 2477 627 2519 Orell.
638 2476 733 2516 scribunt
746 2477 815 2517 obsce-
