1690 2654
119 77 153 136 88
308 78 351 117 DE
368 78 491 119 RERUM
506 41 661 137 1111111111

148 213 149 216 =
172 186 229 228 aaa
240 185 303 226 illins:
317 200 364 236 nam
377 184 445 226 multis
458 186 547 236 partibus
558 187 593 226 hic
605 190 635 227 est

171 237 273 287 Monilia,
286 240 392 290 multisque
403 237 511 286 minutior,¹
518 242 537 279 et
548 252 613 291 magev
620 240 703 290 pollens.

48 346 50 349 .
119 290 160 333 345
172 291 213 341 Qui
224 290 285 330 simul
296 295 356 341 atque
368 292 412 332 vias
425 292 528 331 oculorum
540 292 585 330 luce
596 292 685 343 replevit,

171 344 236 392 Atque
248 345 348 393 patefecit,
360 357 409 395 quas
421 347 467 383 ante
479 344 582 383 obsederat
594 343 648 391 ater}
679 371 681 373 »
700 353 703 356 ’

172 394 269 435 Continuo
281 410 349 436 rerum
362 397 468 436 simulacra
480 397 698 447 adaperta'scquuntur,

171 448 229 496 Quae
241 448 280 487 sita
292 453 337 488 sunt
348 449 370 488 in
381 450 433 498 luce,
446 449 588 499 lacessuntque,
600 454 623 488 ut
634 449 744 500 rideamus.

125 526 126 532 1
172 500 231 549 Quod
244 505 311 540 contra
323 502 389 541 facere
400 501 421 539 in
433 501 519 540 tenebris
531 514 543 540 e
554 502 600 540 lnce
610 499 721 552 nequimus,

107 570 109 573 ·
119 551 159 594 351)
172 552 281 602 Propterea
292 554 340 603 quia
350 554 447 603 posterior
460 553 551 604 caliginis
564 555 598 592 aer
694 600 695 603 Ἰ

115 639 117 642 .
172 604 262 644 Crassior
273 605 387 655 insequitur,
401 606 435 655 qui
446 609 517 644 cuncta
528 605 627 644 foramina
641 604 732 655 complet,

171 655 344 708 Obsiditque·vias
357 659 465 704 oculorum,
477 670 503 696 ue
515 658 622 697 simulacra
658 693 666 707 x
683 667 690 682 ’-

170 708 248 749 Possint
259 710 347 748 ullarum
358 712 525 755 rerumcontecta
537 708 619 748 moveri.

197 762 346 810 Quadratasque
358 762 428 810 procul
441 760 512 798 turreis
525 773 585 810 quom
598 760 695 803 cernimus
708 759 769 810 uritis,

118 808 158 855 355
170 811 279 862 Propterea
290 813 320 859 fit,
333 813 363 851 nti
375 813 478 851 rideantur
490 824 549 862 saepe
560 812 663 860 rotundae,
728 830 730 834 ·

170 864 260 916 Angnlns
273 864 354 916 obtusus
367 864 413 915 qm'a
422 865 484 916 longe
497 864 583 904 cernitur
596 865 672 914 omnis,
685 874 686 878 ’

151 933 153 936 >
170 916 219 955 Sive
231 917 292 956 etiam
303 917 368 967 potius
380 929 420 955 non
433 918 525 967 cernitur,
538 929 562 955 ao
573 918 625 968 perit
637 918 679 964 eius

169 968 241 1020 Plaga,
253 982 290 1006 nee
303 969 328 1008 ad
340 973 416 1008 nostras
424 969 479 1011 acies
491 970 600 1019 perlabitur
611 970 674 1016 ictus3

169 1020 222 1059 aare
234 1022 367 1071 permultum
380 1021 427 1071 quia
439 1021 486 1060 dum
498 1021 604 1062 simulacra
616 1022 712 1071 feruntur,

6 1062 7 1065 Ἴ
54 1095 55 1099 =
117 1071 157 1113 36⁰
171 1073 231 1124 Cogit
242 1073 348 1121 hebescere
359 1086 406 1112 enm
418 1074 490 1112 crebris
503 1074 609 1112 offensibus
622 1075 662 1113 ae'r.

103 1174 106 1178 ,
169 1126 222 1174 Hoc,
234 1124 270 1163 uhi
280 1125 363 1176 suffugit
375 1138 452 1164 sensum
465 1126 524 1164 simul
536 1126 620 1177 angulus
632 1125 701 1174 omnis,
718 1122 721 1152 ἶ

168 1176 209 1225 rit,
222 1176 279 1226 quasi
289 1181 312 1216 ut
324 1179 351 1216 ad
363 1180 441 1223 tornum
452 1189 544 1216 sanorum
556 1180 631 1217 structa
642 1181 735 1224 tuantru;
751 1213 753 1216 .

168 1228 216 1276 Non,
225 1233 303 1277 tamen,
311 1232 334 1268 ut
348 1242 416 1268 coram
428 1242 479 1279 quac
491 1234 542 1276 suut,
554 1241 639 1278 vereque
651 1229 742 1277 rotunda,
787 1241 789 1244 ⁴

170 1280 210 1321 Sed
220 1280 276 1330 quasi
288 1281 424 1320 adumbratim
431 1282 522 1331 paullum
535 1281 628 1320 simulata
639 1281 736 1322 ridentur.
809 1280 813 1283 ’

116 1331 158 1376 365
199 1334 275 1372 Umbra
287 1332 366 1372 videtur
377 1335 425 1373 item
435 1333 491 1373 nobis
503 1333 524 1373 iu
536 1334 577 1374 sole
588 1333 680 1386 moveri,

167 1386 195 1426 Et
207 1384 292 1438 vestigia
304 1391 372 1426 nostra
384 1386 445 1436 sequi,
456 1389 573 1437 gestumque
584 1385 671 1427 imitaris

167 1439 221 1482 Ae'ra
233 1439 251 1478 si
264 1440 334 1489 credis,
347 1438 448 1491 privatum
460 1439 541 1488 lumine,
553 1453 609 1491 posse
649 1453 651 1458 ¹

167 1492 281 1544 Indugredi,
294 1497 359 1533 motus
371 1493 475 1533 hominum
488 1497 605 1545 gestumque
617 1492 735 1542 sequentem.
766 1491 776 1510 '³
790 1495 793 1499 ’

167 1545 220 1585 Nam
232 1545 285 1584 nihil
296 1559 338 1585 esse
349 1550 414 1597 potest
426 1545 487 1595 aliud,
499 1545 538 1585 nisi
548 1545 623 1583 lumine
635 1556 702 1583 cassus

80 1614 82 1616 ·
94 1607 95 1610 ’
114 1596 157 1639 'ald
169 1598 215 1644 Aer,
228 1597 255 1646 id,
268 1599 320 1648 quod
332 1611 368 1637 nos
380 1599 473 1638 umbram
485 1597 590 1649 perhibere
602 1599 688 1635 suimus.

167 1650 274 1697 Nimirum,
284 1650 334 1698 quia
346 1653 400 1689 terra
411 1650 460 1689 locis
471 1663 495 1688 ex
508 1650 576 1688 ordine
590 1649 648 1687 certis
713 1684 715 1687 .
748 1673 750 1677 -
764 1657 766 1659 ’

167 1701 251 1741 Lumine
264 1702 353 1750 privatur
365 1701 418 1748 solis,
431 1707 568 1751 quaquomque
579 1704 667 1740 meantes

169 1753 284 1800 0fficimus3
296 1754 385 1803 repletur
397 1753 451 1802 item,
464 1754 516 1805 quod
527 1753 621 1802 liquimus
633 1752 682 1791 eius.

167 1806 274 1856 Propterea
286 1806 315 1854 fit,
327 1805 357 1844 uti
369 1806 466 1855 videatur,
479 1818 530 1857 quae
542 1806 581 1844 luit
592 1806 664 1843 umbra

115 1855 156 1899 375
168 1858 266 1908 Corporis,
280 1871 291 1896 e
302 1858 388 1909 regione·
397 1859 465 1904 eadem
477 1871 512 1899 nos
524 1860 685 1908 usquesequuta.
710 1876 711 1879 =

168 1911 251 1961 Semper
263 1910 316 1949 euim
328 1921 383 1950 nova·
395 1924 417 1949 se
428 1911 530 1950 radiorum
535 1909 617 1949 'lumina
629 1909 719 1954 fundunt,

166 1964 275 2013 Primaque
288 1964 405 2013 dispereunt,
418 1963 507 2014 quasi-in
518 1964 587 2015 iguem
599 1963 646 2001 lana
658 1961 754 2001 aaran.
771 1977 773 1979 ·

167 2016 274 2066 Propterea
286 2016 346 2054 facile
355 2020 378 2055 ‘et
390 2017 486 2066 spoliatur
497 2015 571 2054 lumine
583 2017 642 2061 terra,
705 2036 709 2042 ⁴

166 2068 193 2107 Et
206 2069 294 2117 repletur
305 2067 361 2114 item,
373 2069 480 2118 nigrasque
493 2068 532 2106 sihi
544 2066 608 2105 abluit
619 2065 707 2105 umbras.

115 2117 156 2159 380
194 2120 236 2159 Nec
248 2124 314 2159 tamen
325 2119 360 2157 hic
372 2120 438 2158 oculos
451 2119 496 2158 falli
507 2118 632 2157 concedimus
644 2118 716 2156 hilum.

167 2172 225 2220 Nam,
239 2170 376 2222 'quoquumque
388 2172 433 2211 loco
446 2171 471 2209 sit
482 2172 517 2209 lux
530 2174 588 2220 atque
599 2170 677 2220 umbra,
690 2169 742 2210 tueri

168 2225 260 2263 Ollorum
272 2229 312 2264 est:
326 2224 395 2264 eadem
407 2237 455 2263 vero
468 2223 507 2262 sint
519 2223 600 2271 lumina,
613 2236 680 2271 necue,

167 2276 287 2327 Umbraque,
302 2290 352 2327 quae
364 2278 403 2316 fuit
414 2277 455 2324 hic,
471 2276 540 2315 eadem
552 2289 600 2315 num
612 2278 699 2328 transeat
709 2273 765 2325 illuc,

167 2328 198 2368 An
212 2330 280 2379 potius
289 2331 331 2378 fiat,
344 2331 411 2380 paullo
424 2329 476 2379 quod
488 2328 573 2367 diximus
585 2334 648 2377 ante3=

115 2378 212 2421 3851100
225 2381 287 2419 animi
298 2382 378 2421 demum
389 2382 441 2421 ratio
454 2381 562 2420 discernere
574 2381 638 2429 debet,

167 2433 208 2473 Nec
219 2437 300 2484 possunt
312 2434 376 2473 oculei
388 2438 480 2474 natiuam
491 2446 571 2487 noscere
582 2446 663 2473 rernm·

165 2485 252 2527 Proinde
264 2485 326 2525 animi
338 2486 460 2527 vitiumhoc
472 2485 546 2526 eculeis
558 2486 655 2538 afsmgerc
666 2484 715 2524 noli.
769 2509 772 2512 «
