1690 2654
243 130 286 173 xo
302 127 441 170 olouutu
456 126 601 169 PRIMUM.
684 128 686 130 ’
731 118 783 174 ’175

64 241 114 282 cuae
127 243 187 289 mitt,
201 242 319 290 Memmius,
333 240 412 287 aureis,
426 240 541 277 semotim
553 239 608 281 euris
620 243 701 280 temere
712 245 783 278 censet

61 293 230 345 praeferendam.
344 323 349 327 .

115 347 147 385 52.
174 359 252 398 quoque
260 342 321 381 Wak.
333 354 344 379 e
355 344 446 378 Senecae
458 353 490 390 ep.
497 341 541 389 95.,
556 340 593 378 ubi
603 339 638 379 liic
648 354 719 380 versus
729 341 783 395 legi.

61 403 102 445 tur,
116 398 203 446 recepit.
227 395 295 432 Codd.
308 399 328 439 et
340 393 399 430 editt.
410 398 460 429 vett.
472 408 556 445 quoque,
570 399 595 430 ut
603 393 665 444 vulgo
678 394 754 432 editur.

107 447 146 487 54.
173 446 204 483 Ad
214 446 270 483 hunc
280 456 364 482 versum
375 443 468 480 breviter
481 450 512 479 cst
523 447 745 495 commemorandum,
758 447 781 484 iu

60 501 170 542 Lucretio,
190 504 213 534 ut
229 497 314 534 omnino
325 494 427 544 plurimos
441 506 511 532 versus
525 494 581 531 male
594 498 731 546 compositos,
750 499 781 537 sic

62 552 125 588 ctiam
140 548 255 599 permultos
266 547 366 595 inveniri,
381 558 421 583 nec
432 547 508 594 tertio,
526 559 566 583 nec
577 555 650 595 quarto
666 550 719 598 pede
728 550 781 601 legi.

60 603 135 639 limam
152 606 260 638 caesuram
269 600 392 639 referentes.
407 598 480 648 (Conf.
491 599 513 647 I,
528 598 610 639 utut.
623 597 656 639 94.
673 602 718 641 119.
735 603 781 642 138.

61 655 105 694 188.
118 651 179 689 etsie
190 651 280 701 porro).
505 652 510 660 ²
695 658 697 660 ’

113 705 187 745 Versus
196 706 222 745 57
234 724 260 732 -
274 704 320 752 68,
333 704 369 754 qui
379 702 434 740 infra
443 705 462 741 ll
468 729 473 748 ,
485 698 524 742 646
537 723 563 730 -
576 701 621 741 651.
631 702 695 754 longe
705 702 782 752 aptiori

59 756 108 794 loco
125 761 259 805 repetuntur,
274 756 312 792 'hio
322 757 355 803 (ut
371 756 413 792 iem
428 754 529 792 Avancius
544 755 635 802 censuit)
650 756 726 804 procul
743 755 782 794 du-

60 808 95 846 bio
108 813 182 844 contra
188 806 279 844 Lucretii
289 808 419 844 voluntatem
428 806 507 852 inserti,
521 805 612 856 ideoque
622 814 681 844 recte
692 821 704 845 a
711 807 780 857 Wak,

59 859 137 898 Eichst.
148 865 168 896 et
179 859 242 898 Orell.
252 859 310 895 uncis
323 858 398 896 inclusi
408 865 462 897 sunt.
489 858 544 894 Nam
558 871 600 894 non
613 858 681 895 solum
693 866 780 896 senten-

60 912 136 948 tiarum
148 923 223 947 nexum
237 911 291 947 miro
307 911 370 948 modo
380 910 550 957 interrumpunt,
564 909 601 946 sed
613 910 678 947 etiam
690 911 711 947 in
721 911 780 950 editt.

59 965 113 1001 lunt.
126 968 146 1000 et
157 962 201 1000 xtd.
211 963 241 1011 2.,
255 968 324 1012 atque,
338 962 355 999 si
366 962 467 1000 Lembino
478 960 530 998 fides
539 961 641 1004 habenda,
655 961 677 999 in
689 963 780 1000 nonnul-

14 1019 16 1022 '
59 1014 86 1052 lis
102 1014 165 1051 etiem
184 1013 248 1052 Codd.
264 1014 326 1063 plane
343 1014 427 1062 desunt,
446 1015 467 1050 in
486 1013 551 1051 Codd.
569 1025 618 1051 vero
637 1015 684 1058 Brit.
698 1017 715 1054 1.
728 1016 747 1054 2.
759 1016 779 1056 3.

60 1068 117 1103 Cant.
134 1073 155 1111 et
165 1065 229 1103 editt.
243 1066 295 1103 Brix.
312 1066 360 1106 Ver.
377 1067 428 1104 Ven.
445 1064 574 1114 ineptissimo
591 1065 639 1103 loco
655 1072 703 1115 post
716 1080 735 1104 v.
745 1064 779 1106 44.

59 1118 186 1157 inseruntur.
225 1118 299 1166 (Conf.
317 1130 370 1168 quae
385 1118 410 1155 de
427 1116 452 1154 iis
469 1116 509 1154 dixi
528 1116 550 1153 in
566 1117 616 1156 Diss.
634 1129 682 1155 inea
697 1118 785 1167 saepius'

60 1182 137 1206 comm.
150 1182 169 1218 p.
181 1169 245 1218 35s.,
266 1177 319 1220 quae
330 1182 349 1219 p.
361 1171 386 1209 10
397 1189 422 1199 -
435 1167 466 1209 54.
482 1169 568 1206 brevem
585 1169 682 1218 disputat.
695 1171 779 1208 exhibet

60 1221 85 1258 de
98 1221 194 1258 omnihus
207 1221 238 1258 his
247 1221 412 1272 repetitionibus,
422 1222 443 1258 in
455 1220 547 1258 Lucretii
558 1233 621 1271 opere
631 1222 779 1260 vnumerosissi-

59 1273 104 1310 inis.
131 1272 185 1310 Viris
197 1273 275 1319 doctis,
290 1272 325 1323 qui
336 1273 361 1309 de
371 1273 463 1310 versibus
476 1272 531 1321 apud
544 1273 596 1310 alios
608 1275 681 1321 poites
693 1274 778 1312 diversis

59 1324 111 1362 locis
126 1324 220 1374 repetitis
235 1325 376 1373 disputarunt,
394 1331 445 1372 nota
455 1327 486 1364 to.
496 1337 509 1361 a
517 1336 552 1362 me
563 1324 665 1373 laudatis,
687 1326 778 1378 adiunge

60 1376 149 1414 amiciss.
161 1376 219 1413 lehn.
230 1376 257 1413 ad
268 1377 324 1427 Virg.
336 1377 389 1413 Geo.
401 1379 431 1425 ll,
445 1377 507 1423 188)-
585 1416 587 1419 ,

111 1429 187 1465 Versus
197 1429 228 1467 63.
239 1427 270 1467 64.
283 1435 315 1466 ter
326 1441 338 1466 e
349 1428 416 1466 Nonio
428 1428 517 1465 citantur
526 1430 560 1476 IV,
571 1429 616 1467 218.
626 1427 672 1467 248.
683 1428 728 1469 387.
741 1428 776 1479 (p.

59 1480 104 1520 663.
117 1481 161 1520 669.
167 1481 212 1519 698.
224 1481 246 1516 G.
256 1481 270 1528 ).
292 1481 356 1532 fede]
370 1480 400 1517 sic
409 1479 542 1517 scribendum
554 1492 564 1517 e
574 1480 691 1530 praeceptis
702 1480 776 1521 Isidor.

59 1533 129 1583 Origg.
139 1534 158 1577 l,
175 1533 207 1571 26.
222 1538 243 1568 et
253 1532 355 1577 Bedeede
367 1531 420 1579 ortlr.
431 1545 451 1581 p.
462 1531 520 1571 2335.
536 1531 631 1581 Porsen,
652 1543 703 1582 quos
714 1532 777 1570 effert

58 1585 120 1622 wau.
147 1583 206 1622 Gonf.
219 1583 314 1624 Schneid.
326 1587 360 1623 Gr.
370 1585 414 1621 Let.
426 1588 438 1621 t.
451 1596 471 1632 p.
482 1585 508 1623 78
518 1596 534 1621 s.

110 1635 141 1675 65.
168 1635 240 1672 Verbis
257 1651 270 1674 a
283 1637 335 1674 coeli
344 1637 461 1686 regionibus
476 1635 592 1674 ostendebat
605 1635 671 1672 utitur
682 1636 776 1674 Laetant.

58 1688 96 1736 ΙΙΙ,
109 1688 142 1726 27.
168 1687 215 1724 Non
225 1686 343 1724 inconsulte
353 1695 424 1724 autern
434 1687 530 1723 nostruni
539 1686 573 1723 hic
583 1685 700 1723 adhibuisse
710 1700 776 1737 spon-

59 1738 140 1775 daicani
158 1750 229 1776 versus
245 1738 426 1785 terminationem,
455 1750 496 1789 qua
515 1744 634 1788 stupentem
655 1739 777 1777 mortalium

57 1789 168 1827 horrorem
179 1803 203 1827 eo
214 1790 362 1841 significantius
373 1791 509 1839 exprimeret,
524 1791 577 1827 hene
589 1791 671 1828 monuit
679 1790 777 1841 Knebelii

59 1844 136 1880 Censor
146 1841 168 1878 in
181 1841 235 1878 Diar.
248 1841 278 1877 lit.
291 1842 335 1881 llel.
348 1845 365 1878 e.
378 1843 435 1881 1823.
444 1841 476 1879 cli.
486 1843 531 1882 239.

40 1940 43 1942 ¹
100 1895 141 1935 66.
168 1893 230 1929 Hunc
241 1905 324 1930 versum
335 1895 385 1930 Har.
397 1900 456 1943 putat
466 1894 560 1930 Servium
570 1892 675 1942 respicere
686 1892 712 1929 ad
723 1888 775 1932 Aen.

57 1945 184 1990 thl,'187.‚
200 1943 235 1981 uhi
247 1944 308 1981 dicit:
328 1946 466 1993 „Secundum
478 1945 598 1981 Lucretium
611 1944 730 1992 superstitio
743 1950 776 1982 est

54 1996 220 2046 superstantium
235 2008 316 2043 rerum,
339 1997 352 2035 i.
364 2009 381 2035 e.
397 1996 518 2033 coelestium
534 2002 554 2032 et
570 1994 698 2046 divinarum,
720 2009 775 2047 quae

57 2059 120 2096 super
130 2060 168 2085 nos
179 2053 244 2096 stent,
258 2047 325 2085 inanis
337 2055 357 2084 et
368 2048 484 2097 superfluus
495 2047 583 2084 timor.“
688 2086 696 2091 Η

109 2101 140 2140 67.
169 2102 244 2138 Graius
258 2099 328 2148 homo]
348 2099 411 2137 Godd.
427 2099 480 2137 Brit.
491 2102 509 2138 1.
522 2101 541 2137 Ξ.
553 2101 572 2139 3.
586 2098 643 2138 Bodl.
663 2104 684 2135 et
700 2110 774 2136 omnes

57 2149 116 2190 editt.
133 2157 182 2189 vett.
198 2157 282 2200 praeter
294 2155 346 2189 lunt.
358 2159 379 2188 et
391 2151 435 2189 Atd.
449 2153 466 2190 2,
484 2151 581 2188 exhibent
596 2163 773 2203 gnarusqierpe·

56 2213 109 2239 rem.
139 2202 199 2240 Conf.
211 2204 286 2240 Ennius
296 2207 347 2241 Arm.
356 2205 389 2242 Vl.
400 2205 457 2253 plo.
472 2203 551 2240 Hessel.
562 2204 618 2254 Virg.
630 2206 679 2240 Aen.
688 2204 716 2249 X,
728 2205 773 2245 720.

57 2251 140 2301 aliique.
156 2256 262 2292 vCeterum
272 2255 384 2305 Epicurum
398 2255 433 2291 lric
448 2254 608 2305 intelligendum
622 2267 676 2297 erse,
688 2267 730 2290 uon
742 2259 773 2290 est

57 2310 80 2339 ut
91 2303 184 2341 doceam·
192 2309 307 2355 *tollereJ
321 2309 402 2346 tendere
413 2306 498 2355 Nonius,
514 2306 548 2357 qui
559 2320 578 2346 v.
590 2308 616 2347 67
627 2312 647 2344 et
658 2307 689 2347 68.
701 2304 773 2343 laudnt

56 2356 90 2402 tv,
102 2352 147 2394 458.
163 2356 196 2405 (p.
208 2359 251 2398 715.
267 2360 304 2402 G.)

108 2406 139 2444 69.
161 2407 234 2458 farno]
256 2410 316 2449 wat.
327 2409 371 2447 sine
387 2409 429 2447 ulle
440 2409 516 2447 idonea
528 2422 590 2447 cause
603 2407 688 2445 Bentleii
701 2404 768 2442 conie-

56 2458 234 2508 cturam*jizn(ei11
245 2468 366 2498 contextum
382 2463 468 2512 recepit.
494 2452 559 2500 Frima
569 2460 626 2499 datm
637 2465 667 2496 est
678 2458 735 2494 fama
745 2455 770 2492 de

56 2507 101 2557 diis,
116 2507 252 2560 narrationes,
266 2511 351 2551 fahulee
363 2513 388 2551 de
399 2513 431 2552 ira
442 2525 524 2564 eorum,
538 2519 558 2551 et
569 2512 594 2549 de
603 2510 682 2562 poenis,
697 2507 770 2560 quihus
