1690 2654
297 86 339 124 Du
356 87 481 125 RERUM
492 88 636 129 'NATURA'

187 191 282 242 Denique,
295 191 324 230 uti
335 193 409 244 possint
418 193 489 233 sentire
500 193 595 234 animalia
605 209 701 247 quaeque,

172 244 288 294 Principiois
299 244 317 283 si
325 245 366 284 iarn
377 249 406 284 ost
421 259 487 285 sensus
497 247 611 286 tribuendus
622 262 702 297 eorrun3

109 293 148 335 975
173 296 243 344 Quid?
256 304 318 347 genus
325 298 435 336 humanum
443 299 548 348 propritim
557 300 581 337 de
592 301 662 348 quibus
673 305 753 343 auctum
765 300 799 350 est,

87 351 91 359 ¹
173 346 254 385 Scilicet
266 350 286 385 et
296 348 338 386 risu
349 352 434 389 tremulo
443 363 536 396 concussa
549 352 671 399 cachinnant,
685 367 690 382 .-

113 415 114 419 ’
171 399 199 436 Et
210 399 305 438 lacrumis
315 405 409 452 spargunt
416 402 527 440 rorantibus
536 415 572 441 ora
583 415 692 453 genasque;

172 449 276 500 Multaque
285 451 309 490 de
321 465 387 501 rerum
396 452 482 492 mixtura
491 454 557 492 dicore
567 456 645 502 callent,
694 476 696 478 ·

173 503 207 550 Et,
219 502 258 556 sibi
267 516 363 553 proporro
369 505 470 554 'quaesiui
480 505 595 554 primordia,
607 510 710 555 quaerunt.

107 549 148 593 981)
173 555 404 605 Quandoquidemtoteis
414 558 531 595 mortalibus
541 557 656 605 assimilata,

172 605 218 655 Ipsa
226 619 303 659 quo-que
312 619 336 645 ex
345 608 390 658 aliis
400 605 470 646 debent
481 611 569 656 constare
577 609 693 656 velementis3
703 632 705 636 ·

173 658 221 696 Inde
230 657 272 706 alia
280 671 304 696 ex
317 658 367 706 aliis,
374 662 476 709 nusquam
487 661 592 698 consistere
600 664 623 697 ut
629 660 688 708 ausis.

174 709 252 759 Quippe
260 722 336 759 sequar,
349 712 498 759 qnodquomquo
509 711 564 759 loqui
572 710 675 760 ridereque
684 711 743 761 diuos,

100 806 102 808 ι
174 761 201 797 Et
212 773 286 809 sapore,
297 774 321 798 er
328 761 380 807 aliis,
393 763 463 809 eadem
470 762 521 799 hoec
532 761 656 809 facientibus,
669 767 691 802 ut
701 763 732 804 sit.
765 774 767 777 ’

108 807 149 849 985
174 812 233 859 Quod
241 811 258 850 si
268 811 330 850 delira
340 812 390 850 haec
401 812 514 862 furiosaque
524 813 621 852 cernimus
631 825 685 854 esse:

172 864 200 906 ut
211 863 276 901 ridere
283 867 346 913 potest
357 871 397 902 uon'
406 877 430 902 er
439 864 547 902 ridentibus
560 869 634 912 auctus,

172 915 201 953 Et
210 928 283 964 sapere,
297 919 316 953 et
329 915 390 954 doctis
402 916 498 954 rationem
509 916 591 954 reddere
601 916 664 963 dictis,

139 983 140 988 ¹
151 1001 153 1004 .
173 966 218 1005 Non
227 980 251 1005 ex
260 968 366 1005 seminibus
378 964 497 1016 sapientibus
508 972 566 1016 atque
575 967 665 1006 disertis:
696 998 697 1001 η

174 1018 214 1066 Qui
222 1018 289 1058 trinus
300 1031 343 1057 esse
352 1022 461 1067 queuntes,
475 1030 526 1066 quae
535 1019 606 1057 sentire
617 1019 712 1069 videmus,

110 1065 149 1107 990
176 1070 288 1109 Seminibus
297 1070 394 1120 permixta
406 1069 615 1120 carentibusrurdiquo
625 1072 714 1117 seusa?
741 1076 743 1079 ”
799 1113 801 1117 ‚

160 1147 162 1149 >
200 1122 292 1171 Denique
301 1122 381 1160 coelesti
388 1135 455 1160 sumus
465 1125 532 1159 omres
542 1123 615 1159 semine
625 1122 724 1169 oriundei3
752 1168 754 1171 Α

171 1172 272 1212 omnbus
282 1174 317 1211 ille
325 1174 443 1224 idem-pater
453 1177 488 1219 est,
501 1174 554 1225 undo>
561 1174 614 1211 alrna
621 1173 725 1222 liquenteis

133 1246 135 1248 v
176 1224 272 1270 Humoris
283 1230 348 1275 guttas
361 1230 424 1263 mater
434 1237 493 1273 quom
503 1228 557 1273 terra
565 1225 643 1274 reecpit,

174 1277 225 1314 Feta
235 1275 288 1325 parit
296 1274 366 1314 nitidas
376 1276 443 1327 fruges
456 1276 575 1324 arbustaque
584 1277 637 1314 laeta

55 1322 57 1328 ’
110 1321 152 1365 995,
175 1328 203 1366 Et
210 1340 272 1377 genus
281 1329 397 1375 humanum,
407 1327 458 1377 parit
463 1327 529 1379 omnia
539 1328 591 1365 secto
602 1328 701 1373 ferarum

174 1379 250 1418 Pabula
259 1380 417 1428 quom'praebet,'
429 1376 499 1427 quibus
510 1391 576 1416 omnes
589 1390 672 1427 corpora
684 1380 772 1428 pascunt,

175 1431 202 1468 Et
210 1430 288 1468 dulcem
297 1432 370 1470 ducunt
381 1430 450 1477 vitam,
463 1430 576 1479 prolemque
586 1433 706 1485 propagant:
737 1468 738 1471 ,
766 1434 767 1437 ’

175 1483 299 1531 Quapropter
309 1482 379 1521 merito
386 1484 497 1521 maternum
508 1489 579 1519 nomen
586 1481 657 1529 adepta
666 1485 701 1520 est

163 1531 234 1572 'uenit
240 1534 290 1572 itum
304 1534 364 1581 retra
377 1534 401 1571 de
415 1538 468 1572 terra
478 1532 576 1582 quodfuit
585 1537 636 1579 rento,
733 1539 734 1542 ’

111 1583 164 1625 labb
176 1586 199 1624 ln
207 1590 281 1630 terras;
295 1590 315 1625 et
325 1599 338 1634 q
352 1586 376 1628 od
388 1585 471 1623 missum
481 1588 510 1622 est
519 1584 633 1621 oraetheris
644 1581 689 1629 oris,

175 1638 200 1676 Id
208 1637 287 1674 rursum
295 1649 330 1674 coe
355 1637 439 1674 relatum
447 1636 520 1684 templa
527 1638 637 1683 recepiant:

177 1687 218 1727 Nee
228 1687 256 1724 sic
264 1687 360 1726 interimit
370 1700 423 1725 mors
432 1699 476 1732 res,
483 1690 506 1723 ut
512 1686 610 1729 nnateriai

177 1739 265 1788 Corpora
276 1738 372 1785 conficiat,
384 1739 419 1776 sed
426 1742 502 1775 coetum
513 1737 600 1787 dissupat
609 1737 675 1775 olicis:
698 1773 700 1776 .

176 1791 224 1830 Inde
233 1790 289 1837 aiieis
298 1790 352 1829 aliud
361 1789 468 1841 coniungit
481 1792 500 1827 et
508 1789 575 1837 efficit,
589 1801 655 1827 omnes
665 1826 667 1829 Α
713 1808 715 1811 ·

112 1841 165 1883 1005
178 1844 219 1881 Res
228 1842 257 1880 ita
268 1843 383 1881 convertant
391 1842 472 1888 formas,
487 1843 600 1889 mutentque
608 1841 688 1888 colores

176 1895 204 1933 Et
213 1894 291 1944 capiant
299 1893 372 1940 sersus,
385 1897 404 1931 et
412 1897 483 1942 puncto
494 1895 581 1941 tempore
591 1892 685 1940 rodoara

177 1946 205 1985 Ut
215 1952 284 1984 noscas
293 1946 374 1992 reterre,
387 1946 458 1983 eadem
464 1943 573 1993 primordia
583 1955 650 1981 rerum
683 1976 685 1978 .

177 1998 228 2036 Cum
236 1998 306 2047 quibus
317 2002 337 2035 et
349 1995 403 2045 quali
417 1996 505 2045 positura
514 1994 655 2040 contineantur,
677 1996 678 1999 ’

177 2051 205 2088 Et
216 2057 264 2099 quos
276 2049 327 2086 inter
336 2061 358 2085 ee
370 2048 416 2085 dent
425 2051 490 2098 motus
502 2046 646 2097 accipiantque:

102 2100 166 2141 ’10Ῑο
177 2097 232 2141 Neve
242 2104 298 2149 putes
306 2104 386 2138 aeterna
397 2111 469 2147 parum
477 2098 563 2136 residere
572 2101 647 2146 potesse
686 2143 689 2147 ἡ

134 2186 136 2189 ,
179 2154 268 2202 Corpora
278 2152 350 2202 primo,
364 2151 416 2201 quod
425 2151 446 2189 in
456 2148 537 2187 summis
547 2148 626 2187 fluitare
636 2148 723 2190 ridemus

178 2205 253 2251 Rebus,
267 2203 393 2252 otinterdum
404 2201 465 2248 nasci,
478 2201 581 2249 subitoque
589 2201 664 2249 perire:

177 2255 230 2304 Quin
239 2255 298 2293 etiam
306 2256 368 2294 refert
374 2254 444 2293 nostris
453 2253 474 2291 in
482 2253 571 2296 versibus
583 2252 637 2302 ipsis,

147 2313 151 2320 “
178 2308 229 2346 Cum
239 2308 308 2356 quibus
318 2311 337 2345 et
345 2307 401 2356 qunti
409 2306 448 2344 sint
455 2305 524 2343 ordine
533 2316 621 2353 quaeque
633 2306 702 2343 locata.

114 2359 166 2401 1015
178 2360 268 2407 Namque
276 2359 346 2397 eadem
356 2360 439 2406 coetum,
452 2370 514 2402 mare,
528 2360 597 2404 terras,
607 2357 695 2403 flumina,
708 2357 769 2396 soloni

178 2411 305 2463 Significant⁵¹
315 2411 384 2448 eadem
397 2409 471 2461 fruges,
484 2409 571 2456 arbusto,
584 2408 707 2447 animanteis:

178 2464 201 2504 Si
213 2461 381 2511 renuntiarint,
394 2467 415 2502 at
427 2462 490 2501 mrdto
498 2472 592 2500 maxuma
599 2474 645 2511 pars
657 2466 686 2500 est
