1690 2654
89 93 137 139 112
310 94 581 136 ΑΝΝΟἹἈἹἸΟ11Ε8

142 205 186 243 968.
212 204 280 241 suibus
291 220 308 253 ,ιι
315 206 401 243 luestria
410 205 508 254 membra]
523 203 605 242 Retinui
614 203 722 254 vulgatam
731 202 804 240 lectio·

91 268 150 298 nem,
164 268 176 291 a
193 254 253 293 VVak.
262 269 344 306 ,quem
361 256 436 294 Eichst.
453 263 519 307 <epu
521 270 558 305 ur
574 257 667 306 epeucis
680 255 805 306 quibusdam

90 307 148 344 libris
162 307 191 344 sic
207 314 321 346 mutatam:
342 310 402 347 subus
419 285 563 360 siluestribus),
578 294 671 346 membre.
700 312 725 344 tt
737 310 805 353 sulus

90 358 146 417 quod
158 358 221 396 Orell
233 372 327 412 quoque
332 360 423 410 recepit,
426 353 519 397 duobus
530 360 594 397 modo
606 359 669 397 Cudd.
682 359 747 410 Lugd
758 361 774 398 1
785 361 803 397 2.

89 411 176 461 nititur,
192 411 225 448 cui
238 401 333 459 accedit,
348 411 521 461 quodsubusVI,
531 413 575 452 975
589 411 690 470 primasy
690 410 805 448 llubacor-

89 463 175 522 ripitur,
190 476 243 513 quae
254 464 288 502 hic
299 464 461 515 produceretur,
475 471 495 501 et
507 464 574 514 quod,
588 469 654 523 quum
664 463 685 500 in
696 463 738 501 vita
748 475 805 500 corn

89 516 149 552 muni
163 518 224 554 subies
240 516 357 565 diceretur
372 517 480 553 Lucretius
496 516 532 553 hie
547 516 626 566 pariter
640 522 702 566 aque
712 519 745 563 Vl
758 516 804 554 978

89 569 120 604 ins
113 567 249 605 olentiorem
264 545 358 606 formasti
373 568 506 618 praetulisse,
520 568 601 606 librarii
612 580 661 605 vero
674 567 805 604 usitatiorem

90 619 219 657 substituisse
231 620 330 657 credendi
340 627 395 657 sunt.
414 620 536 657 Lectionem
546 621 677 669 sylvestribus
686 631 735 656 vero
745 618 805 657 Wsk.

91 684 102 709 e
113 671 162 709 solis
175 671 232 710 editt.
242 673 289 711 Ver.
300 673 352 710 Ven.
364 671 420 708 male
430 671 516 720 recepit.
543 671 576 707 Sie
587 671 643 707 enirn
654 682 699 707 sues
708 671 759 708 istae
769 670 805 707 du—

89 723 139 773 plici
155 730 256 760 ornantur
269 723 373 772 epitheto
388 735 442 773 quo,
457 728 480 757 ut
491 721 571 759 Wat
565 733 609 771 ipse
620 722 804 770 receannotavrt

89 775 198 812 Lucretius
212 787 254 812 non
269 775 308 811 uisi
318 781 343 812 ut
354 785 437 812 sensum
450 773 591 810 efficaciorem
601 774 715 823 praebeat,
730 775 761 811 uti
772 787 804 811 so-

89 828 132 874 let,
148 839 210 877 quern
219 827 241 863 in
252 826 293 864 hec
302 821 420 864 mutatione
430 825 528 876 equidem
538 826 617 862 frustra
626 826 723 876 quaesivi.
744 828 805 864 Nem

90 879 198 929 syitestres
209 884 299 926 tanturn,
312 892 355 916 non
366 878 491 916 domesticas
502 891 548 915 sues
557 877 598 915 illis
608 878 737 936 temporibus
748 891 805 916 com-

90 930 204 971 memorari
219 942 289 981 posse,
302 943 340 985 per
356 943 378 969 se
392 936 457 981 petet.
485 931 561 968 Contra
577 937 626 968 Vero
641 930 659 967 si
671 930 697 967 ad
711 930 805 968 homines

89 984 182 1020 refertur
196 982 237 1020 hoc
253 980 372 1033 epitheton
385 982 444 1020 nullo
459 982 523 1020 niodo
539 995 588 1020 curn
603 981 663 1019 Wak.
675 981 737 1019 frivot
740 988 806 1019 umet

90 1047 267 1085 supervacaneum
277 1034 364 1072 dixerim
376 1034 527 1085 praedicatum,
542 1047 607 1085 quum
617 1040 689 1083 aperte
699 1034 806 1072 contineat

91 1099 188 1133 censam,
208 1099 262 1136 quae
280 1087 384 1134 effecerit,
405 1093 429 1123 ut
444 1086 545 1124 hommes
554 1086 609 1124 nude
626 1085 685 1123 humi
700 1085 806 1136 prostrati,

90 1138 200 1176 frondibus
211 1137 309 1184 involuti,
322 1144 395 1176 noctes
405 1139 441 1176 sub
453 1138 488 1176 diu
497 1138 612 1189 transigere
623 1145 713 1197 possent,
729 1138 806 1196 quippe

92 1191 129 1241 qui
144 1189 265 1226 nemoribus
282 1170 360 1226 adsuet
346 1196 362 1225 ιι
375 1190 562 1239 fuerint,sen1per
579 1190 667 1226 vixerint
679 1190 701 1227 in
713 1190 774 1239 spiris
786 1195 807 1226 et

91 1241 206 1291 speluncis
227 1253 266 1277 nec
282 1247 340 1278 certa
354 1247 374 1278 et
388 1241 429 1278 fixa
445 1240 557 1279 habuerint
574 1229 687 1279 domicilia.
721 1244 806 1279 Prorsus

92 1293 166 1331 eodem
177 1292 241 1330 modo
251 1298 323 1330 noster
333 1292 389 1331 infra
399 1307 417 1332 v.
431 1291 466 1332 141
457 1295 487 1333 10
501 1299 654 1332 commemorat
664 1295 760 1344 sylvestre
771 1310 806 1346 ge·

91 1361 129 1386 nus
143 1348 297 1400 terrigenarum

142 1412 187 1451 969.
215 1411 357 1460 „Nudabant
369 1407 419 1460 ιιοὲι
421 1408 453 1448 ice
469 1422 508 1460 pro
520 1409 601 1472 vulgari
611 1410 674 1451 qude
683 1398 807 1463 praebebunt

91 1464 125 1503 vel
136 1466 227 1509 debarzt;
238 1463 296 1522 quod
311 1462 400 1501 editores
409 1450 583 1514 impudentissimi
592 1461 689 1502 Lucretio
701 1465 807 1503 obstruse-

90 1524 146 1565 runt,
160 1515 218 1553 libris
229 1515 335 1562 universis,
347 1515 491 1569 indignissime
498 1517 591 1555 facturn¹
603 1516 772 1565 reclamantibus
786 1523 807 1554 et

90 1581 174 1608 summo
185 1581 294 1606 consensu
296 1574 390 1606 nostram
401 1561 556 1606 dictionemt
525 1582 547 1606 os
549 1568 684 1616 tentantibus,
693 1570 706 1591 “
719 1573 750 1610 W
753 1572 805 1616 at

92 1633 166 1673 quem,
183 1628 206 1658 ut
216 1633 254 1671 par
266 1627 321 1671 eret,
336 1620 396 1658 Eich
388 1626 412 1660 t
424 1626 444 1658 et
455 1621 518 1659 orell.
528 1620 610 1671 sequuti
621 1627 675 1658 sunt

143 1686 188 1725 972.
203 1684 285 1723 111111.Ι
269 1697 299 1727 sic
306 1650 409 1723 distinxit:
421 1687 553 1734 Quaerebant,
563 1686 648 1737 parides
644 1686 748 1736 palantes
758 1690 806 1735 etot,

93 1736 142 1790 quia
156 1754 200 1790 „pu
188 1737 264 1776 ouidi
258 1738 297 1785 ipsi
312 1736 415 1775 videtur
409 1750 432 1774 ιι
426 1737 540 1774 rbecillum
557 1744 577 1773 et
591 1748 743 1795 supervacuum
758 1750 807 1774 cum

89 1793 202 1843 plangore
216 1789 320 1848 signatum
336 1802 385 1827 vero
401 1799 464 1840 atque
475 1795 633 1839 pervenustum
646 1800 663 1826 si
659 1787 768 1827 retuleris
780 1788 806 1827 ad

89 1845 192 1897 polentes.
202 1842 214 1863 “
243 1841 304 1888 Qua'
297 1855 320 1879 ιιι
330 1854 353 1879 re
362 1854 405 1879 non
415 1847 500 1891 possum
510 1840 610 1878 assentiri.

144 1906 189 1945 973.
217 1906 302 1957 taciter']
318 1906 366 1944 Brit.
375 1908 393 1946 2.
403 1907 495 1958 placidi,
508 1892 565 1956 quod
576 1904 646 1942 huc
627 1917 661 1943 v1x
672 1904 767 1954 quadrat.

143 1970 188 2009 975
216 1975 237 2009 A
247 1970 329 2021 peruls]
345 1970 405 2008 Vind.
417 1971 472 2007 Cant.
484 1969 719 2022 ΛιιενιιίιιΘῙΑιιειιιιι,
734 1969 806 2009 [tritt

92 2026 201 2075 Asperius,
216 2023 288 2062 [tritt
298 2025 428 2074 Aperuisset;
442 2021 620 2059 nonnuttiLemb.
632 2021 695 2058 Codd.
706 2025 807 2073 Apuert's,

79 2087 156 2125 Ιιιιιειιιι
172 2073 285 2112 lectionem
297 2074 357 2112 Wak.
369 2087 412 2111 non
424 2073 502 2110 melam
518 2086 578 2110 cereis
580 2079 594 2109 t.
622 2073 662 2110 Sed
678 2073 703 2110 de
718 2073 806 2124 vulgari,

94 2138 157 2176 quam
168 2125 202 2162 vel
212 2133 324 2177 corruptae
335 2126 435 2163 lectiones
448 2125 505 2163 clare
516 2131 613 2174 tuentur,
627 2125 712 2163 omnino
724 2131 807 2163 nonest

93 2177 238 2217 dubitandum.

145 2231 189 2268 977.
216 2231 267 2266 Cum
281 2229 356 2268 Eichst.
372 2235 393 2266 et
407 2227 484 2265 Orellio
500 2228 604 2287 vulgatam
618 2215 806 2289 iocunrinterpun-

93 2279 157 2339 gendi
170 2280 273 2318 rationem
287 2280 372 2321 servavi.
404 2279 477 2329 Wek,
498 2279 535 2330 qui
549 2293 632 2317 comma
650 2286 698 2317 ante
714 2282 807 2318 rru'rerier

92 2332 203 2395 positum
195 2331 281 2380 delevit,
295 2332 393 2371 locum
377 2346 407 2370 sic
418 2307 520 2369 consiruit
530 2338 550 2368 et
560 2331 658 2381 erplieat:
675 2359 687 2379 „
695 2332 742 2368 Non
756 2337 806 2378 erat,

92 2392 117 2423 ut
132 2382 157 2423 τὸ
175 2382 247 2420 mirari
261 2362 293 2431 id,
310 2385 367 2448 quod
382 2397 465 2434 semper
479 2391 604 2421 consuerent
620 2396 643 2420 ce
634 2395 718 2430 ruere,
738 2388 807 2432 posset

92 2436 149 2485 sieri3
164 2448 204 2474 nec
217 2441 271 2480 erat,
286 2449 308 2475 ut
319 2452 341 2476 ιο
337 2436 459 2482 diffidere,
473 2448 500 2473 ne
512 2448 552 2473 nox
561 2441 643 2473 teneret
653 2441 725 2483 terres,
736 2445 806 2487 posset

88 2492 150 2542 fieri,·
158 2487 243 2540 “,quod
253 2488 383 2527 artificiosius
395 2488 483 2528 videtur.
