<?xml version="1.0" encoding="UTF-8"?>
<!DOCTYPE html PUBLIC "-//W3C//DTD XHTML 1.0 Transitional//EN"
    "http://www.w3.org/TR/xhtml1/DTD/xhtml1-transitional.dtd">
<html xmlns="http://www.w3.org/1999/xhtml" xml:lang="en" lang="en">
 <head>
  <title>
</title>
<meta http-equiv="Content-Type" content="text/html;charset=utf-8" />
  <meta name='ocr-system' content='tesseract 3.04.00' />
  <meta name='ocr-capabilities' content='ocr_page ocr_carea ocr_par ocr_line ocrx_word'/>
</head>
<body>
  <div class='ocr_page' id='page_1' title='image "./MN40048ucmf_3_0671.png"; bbox 0 0 1690 2654; ppageno 0'>
   <div class='ocr_carea' id='block_1_1' title="bbox 173 52 765 125">
    <p class='ocr_par' dir='ltr' id='par_1_1' title="bbox 173 52 765 125">
     <span class='ocr_line' id='line_1_1' title="bbox 173 52 765 125; baseline 0.003 -29"><span class='ocrx_word' id='word_1_1' title='bbox 173 59 337 125; x_wconf 47' lang='grc' dir='ltr'><strong>,ᾼΒΒΕΝΒΛ</strong></span> <span class='ocrx_word' id='word_1_2' title='bbox 352 58 397 99; x_wconf 82' lang='grc' dir='ltr'><strong>ΕΤ</strong></span> <span class='ocrx_word' id='word_1_3' title='bbox 413 56 633 98; x_wconf 82' lang='grc' dir='ltr'><strong>ΕΜΕΝΒΑΝΒΑ.</strong></span> <span class='ocrx_word' id='word_1_4' title='bbox 720 52 765 99; x_wconf 73' lang='lat'><strong>571</strong></span> 
     </span>
    </p>
   </div>
   <div class='ocr_carea' id='block_1_2' title="bbox 23 162 806 1773">
    <p class='ocr_par' dir='ltr' id='par_1_2' title="bbox 49 162 767 267">
     <span class='ocr_line' id='line_1_2' title="bbox 99 162 767 223; baseline -0.018 -8"><span class='ocrx_word' id='word_1_5' title='bbox 99 174 144 216; x_wconf 75' lang='grc'><strong>143.</strong></span> <span class='ocrx_word' id='word_1_6' title='bbox 171 173 347 223; x_wconf 85' lang='lat' dir='ltr'><strong>Serviusquoque</strong></span> <span class='ocrx_word' id='word_1_7' title='bbox 358 169 385 210; x_wconf 88' lang='lat' dir='ltr'><strong>ad</strong></span> <span class='ocrx_word' id='word_1_8' title='bbox 393 170 450 222; x_wconf 80' lang='lat' dir='ltr'><strong>Virg.</strong></span> <span class='ocrx_word' id='word_1_9' title='bbox 460 169 532 208; x_wconf 88' lang='lat' dir='ltr'><strong>locum</strong></span> <span class='ocrx_word' id='word_1_10' title='bbox 541 174 595 218; x_wconf 87' lang='lat' dir='ltr'><strong>post.</strong></span> <span class='ocrx_word' id='word_1_11' title='bbox 611 162 669 207; x_wconf 83' lang='lat' dir='ltr'><strong>hunc</strong></span> <span class='ocrx_word' id='word_1_12' title='bbox 683 178 767 206; x_wconf 86' lang='lat' dir='ltr'><strong>versum</strong></span> 
     </span>
     <span class='ocr_line' id='line_1_3' title="bbox 49 224 339 267; baseline -0.021 0"><span class='ocrx_word' id='word_1_13' title='bbox 49 227 165 267; x_wconf 85' lang='lat' dir='ltr'><strong>eLucretio</strong></span> <span class='ocrx_word' id='word_1_14' title='bbox 175 233 269 264; x_wconf 84' lang='lat' dir='ltr'><strong>sumtum</strong></span> <span class='ocrx_word' id='word_1_15' title='bbox 283 224 339 262; x_wconf 84' lang='lat' dir='ltr'><strong>dicit.</strong></span> 
     </span>
    </p>

    <p class='ocr_par' dir='ltr' id='par_1_3' title="bbox 98 272 596 327">
     <span class='ocr_line' id='line_1_4' title="bbox 98 272 596 327; baseline -0.016 -8"><span class='ocrx_word' id='word_1_16' title='bbox 98 281 137 319; x_wconf 85' lang='grc'><strong>156</strong></span> <span class='ocrx_word' id='word_1_17' title='bbox 148 292 174 316; x_wconf 77' lang='lat' dir='ltr'><strong>sS.</strong></span> <span class='ocrx_word' id='word_1_18' title='bbox 202 277 261 315; x_wconf 81' lang='lat' dir='ltr'><strong>Gonf.</strong></span> <span class='ocrx_word' id='word_1_19' title='bbox 273 275 356 327; x_wconf 86' lang='lat' dir='ltr'><strong>Epicuri</strong></span> <span class='ocrx_word' id='word_1_20' title='bbox 368 276 451 325; x_wconf 82' lang='lat' dir='ltr'><strong>Fragm.</strong></span> <span class='ocrx_word' id='word_1_21' title='bbox 461 272 514 311; x_wconf 83' lang='lat' dir='ltr'>LII.</span> <span class='ocrx_word' id='word_1_22' title='bbox 527 272 568 312; x_wconf 87' lang='lat' dir='ltr'><strong>col.</strong></span> <span class='ocrx_word' id='word_1_23' title='bbox 576 274 596 311; x_wconf 73' lang='grc'><strong>3,</strong></span> 
     </span>
    </p>

    <p class='ocr_par' dir='ltr' id='par_1_4' title="bbox 46 322 806 537">
     <span class='ocr_line' id='line_1_5' title="bbox 99 322 766 381; baseline -0.012 -11"><span class='ocrx_word' id='word_1_24' title='bbox 99 333 137 370; x_wconf 86' lang='grc'><strong>158</strong></span> <span class='ocrx_word' id='word_1_25' title='bbox 147 343 162 369; x_wconf 92' lang='lat' dir='ltr'><strong>s.</strong></span> <span class='ocrx_word' id='word_1_26' title='bbox 189 331 227 368; x_wconf 91' lang='lat' dir='ltr'><strong>Pro</strong></span> <span class='ocrx_word' id='word_1_27' title='bbox 240 340 301 381; x_wconf 80' lang='lat' dir='ltr'><strong>atque</strong></span> <span class='ocrx_word' id='word_1_28' title='bbox 314 349 340 356; x_wconf 91' lang='lat'><strong>—-</strong></span> <span class='ocrx_word' id='word_1_29' title='bbox 352 328 486 379; x_wconf 82' lang='lat' dir='ltr'><strong>-feruntur</strong></span> <span class='ocrx_word' id='word_1_30' title='bbox 494 325 560 361; x_wconf 84' lang='lat' dir='ltr'><strong>Faber</strong></span> <span class='ocrx_word' id='word_1_31' title='bbox 573 322 627 362; x_wconf 91' lang='lat' dir='ltr'><strong>coni.</strong></span> <span class='ocrx_word' id='word_1_32' title='bbox 638 325 688 376; x_wconf 75' lang='lat' dir='ltr'><strong>quin</strong></span> <span class='ocrx_word' id='word_1_33' title='bbox 700 344 727 351; x_wconf 88' lang='lat'>-</span> <span class='ocrx_word' id='word_1_34' title='bbox 740 343 766 350; x_wconf 91' lang='lat'>-</span> 
     </span>
     <span class='ocr_line' id='line_1_6' title="bbox 46 376 786 437; baseline -0.019 -15"><span class='ocrx_word' id='word_1_35' title='bbox 46 384 153 437; x_wconf 54' lang='lat' dir='ltr'><strong>ferentum</strong></span> <span class='ocrx_word' id='word_1_36' title='bbox 168 394 209 432; x_wconf 82' lang='lat' dir='ltr'><strong>quo</strong></span> <span class='ocrx_word' id='word_1_37' title='bbox 218 394 261 418; x_wconf 87' lang='lat' dir='ltr'><strong>non</strong></span> <span class='ocrx_word' id='word_1_38' title='bbox 271 393 322 430; x_wconf 88' lang='lat' dir='ltr'><strong>opus</strong></span> <span class='ocrx_word' id='word_1_39' title='bbox 334 390 384 426; x_wconf 86' lang='lat' dir='ltr'><strong>esse,</strong></span> <span class='ocrx_word' id='word_1_40' title='bbox 398 378 441 414; x_wconf 87' lang='lat' dir='ltr'><strong>iam</strong></span> <span class='ocrx_word' id='word_1_41' title='bbox 452 376 517 413; x_wconf 85' lang='lat' dir='ltr'><strong>Bentl.</strong></span> <span class='ocrx_word' id='word_1_42' title='bbox 527 376 596 415; x_wconf 81' lang='lat' dir='ltr'><strong>docet.</strong></span> <span class='ocrx_word' id='word_1_43' title='bbox 784 388 786 390; x_wconf 96' lang='lat'>·</span> 
     </span>
     <span class='ocr_line' id='line_1_7' title="bbox 100 425 766 485; baseline -0.015 -12"><span class='ocrx_word' id='word_1_44' title='bbox 100 434 142 473; x_wconf 79' lang='lat'>165.</span> <span class='ocrx_word' id='word_1_45' title='bbox 167 435 282 485; x_wconf 70' lang='lat' dir='ltr'><em>persectari</em></span> <span class='ocrx_word' id='word_1_46' title='bbox 300 430 360 468; x_wconf 84' lang='lat' dir='ltr'><strong>Wak.</strong></span> <span class='ocrx_word' id='word_1_47' title='bbox 377 427 458 478; x_wconf 87' lang='lat' dir='ltr'><strong>recepit</strong></span> <span class='ocrx_word' id='word_1_48' title='bbox 477 440 502 465; x_wconf 81' lang='lat' dir='ltr'><strong>ex</strong></span> <span class='ocrx_word' id='word_1_49' title='bbox 524 428 620 465; x_wconf 84' lang='lat' dir='ltr'><strong>omnihus</strong></span> <span class='ocrx_word' id='word_1_50' title='bbox 641 426 686 463; x_wconf 85' lang='lat' dir='ltr'><strong>fere</strong></span> <span class='ocrx_word' id='word_1_51' title='bbox 701 425 766 464; x_wconf 84' lang='lat' dir='ltr'><strong>tibris.</strong></span> 
     </span>
     <span class='ocr_line' id='line_1_8' title="bbox 48 479 806 537; baseline -0.015 -12"><span class='ocrx_word' id='word_1_52' title='bbox 48 486 114 537; x_wconf 82' lang='lat' dir='ltr'><strong>Vulgo</strong></span> <span class='ocrx_word' id='word_1_53' title='bbox 126 486 257 534; x_wconf 73' lang='lat' dir='ltr'><strong>perscrutari,</strong></span> <span class='ocrx_word' id='word_1_54' title='bbox 270 489 294 520; x_wconf 86' lang='lat' dir='ltr'><strong>ut</strong></span> <span class='ocrx_word' id='word_1_55' title='bbox 304 482 352 520; x_wconf 80' lang='lat' dir='ltr'><strong>Brit.</strong></span> <span class='ocrx_word' id='word_1_56' title='bbox 365 481 383 519; x_wconf 86' lang='lat'><strong>1.</strong></span> <span class='ocrx_word' id='word_1_57' title='bbox 393 481 414 517; x_wconf 90' lang='lat' dir='ltr'><strong>in</strong></span> <span class='ocrx_word' id='word_1_58' title='bbox 425 479 528 530; x_wconf 83' lang='lat' dir='ltr'>margine,</span> <span class='ocrx_word' id='word_1_59' title='bbox 541 479 586 517; x_wconf 73' lang='lat' dir='ltr'><strong>Ald.</strong></span> <span class='ocrx_word' id='word_1_60' title='bbox 600 480 618 518; x_wconf 86' lang='lat'><strong>1.</strong></span> <span class='ocrx_word' id='word_1_61' title='bbox 631 485 653 516; x_wconf 88' lang='lat' dir='ltr'><strong>et</strong></span> <span class='ocrx_word' id='word_1_62' title='bbox 664 480 714 517; x_wconf 90' lang='lat' dir='ltr'><strong>Bon.</strong></span> <span class='ocrx_word' id='word_1_63' title='bbox 804 487 806 490; x_wconf 83' lang='lat'>·</span> 
     </span>
    </p>

    <p class='ocr_par' dir='ltr' id='par_1_5' title="bbox 100 528 652 583">
     <span class='ocr_line' id='line_1_9' title="bbox 100 528 652 583; baseline -0.011 -7"><span class='ocrx_word' id='word_1_64' title='bbox 100 538 144 583; x_wconf 76' lang='lat'>167.</span> <span class='ocrx_word' id='word_1_65' title='bbox 170 540 201 574; x_wconf 81' lang='lat' dir='ltr'><strong>De</strong></span> <span class='ocrx_word' id='word_1_66' title='bbox 211 534 277 583; x_wconf 88' lang='lat' dir='ltr'><strong>ellipsi</strong></span> <span class='ocrx_word' id='word_1_67' title='bbox 288 532 348 571; x_wconf 83' lang='lat' dir='ltr'><strong>verbi</strong></span> <span class='ocrx_word' id='word_1_68' title='bbox 361 532 418 569; x_wconf 85' lang='lat' dir='ltr'><strong>conf.</strong></span> <span class='ocrx_word' id='word_1_69' title='bbox 430 530 531 569; x_wconf 81' lang='lat' dir='ltr'><strong>Addenda</strong></span> <span class='ocrx_word' id='word_1_70' title='bbox 542 530 595 581; x_wconf 81' lang='lat' dir='ltr'><strong>adt,</strong></span> <span class='ocrx_word' id='word_1_71' title='bbox 606 528 652 570; x_wconf 78' lang='lat'>488.</span> 
     </span>
    </p>

    <p class='ocr_par' dir='ltr' id='par_1_6' title="bbox 100 584 382 633">
     <span class='ocr_line' id='line_1_10' title="bbox 100 584 382 633; baseline -0.014 -8"><span class='ocrx_word' id='word_1_72' title='bbox 100 591 144 629; x_wconf 80' lang='grc'>176,</span> <span class='ocrx_word' id='word_1_73' title='bbox 170 587 214 625; x_wconf 87' lang='lat' dir='ltr'><strong>iam</strong></span> <span class='ocrx_word' id='word_1_74' title='bbox 226 584 294 625; x_wconf 84' lang='lat' dir='ltr'><strong>adfuit</strong></span> <span class='ocrx_word' id='word_1_75' title='bbox 304 588 322 633; x_wconf 88' lang='lat' dir='ltr'><strong>I,</strong></span> <span class='ocrx_word' id='word_1_76' title='bbox 337 585 382 624; x_wconf 83' lang='grc'>638.</span> 
     </span>
    </p>

    <p class='ocr_par' dir='ltr' id='par_1_7' title="bbox 23 632 766 896">
     <span class='ocr_line' id='line_1_11' title="bbox 102 632 766 692; baseline -0.011 -13"><span class='ocrx_word' id='word_1_77' title='bbox 102 642 145 681; x_wconf 80' lang='grc'>197.</span> <span class='ocrx_word' id='word_1_78' title='bbox 173 656 211 692; x_wconf 77' lang='lat' dir='ltr'><strong>quo</strong></span> <span class='ocrx_word' id='word_1_79' title='bbox 221 641 288 691; x_wconf 80' lang='lat' dir='ltr'><strong>magis</strong></span> <span class='ocrx_word' id='word_1_80' title='bbox 299 638 364 675; x_wconf 84' lang='lat' dir='ltr'><strong>etiam</strong></span> <span class='ocrx_word' id='word_1_81' title='bbox 373 634 445 673; x_wconf 87' lang='lat' dir='ltr'><strong>Heins.</strong></span> <span class='ocrx_word' id='word_1_82' title='bbox 456 633 479 672; x_wconf 91' lang='lat' dir='ltr'><strong>in</strong></span> <span class='ocrx_word' id='word_1_83' title='bbox 488 635 554 673; x_wconf 86' lang='lat' dir='ltr'><strong>tribus</strong></span> <span class='ocrx_word' id='word_1_84' title='bbox 564 633 688 684; x_wconf 82' lang='lat' dir='ltr'><strong>pervetustis</strong></span> <span class='ocrx_word' id='word_1_85' title='bbox 699 632 766 672; x_wconf 88' lang='lat' dir='ltr'><strong>Codd.</strong></span> 
     </span>
     <span class='ocr_line' id='line_1_12' title="bbox 49 685 765 740; baseline -0.013 -10"><span class='ocrx_word' id='word_1_86' title='bbox 49 693 133 731; x_wconf 83' lang='lat' dir='ltr'><strong>invenit.</strong></span> <span class='ocrx_word' id='word_1_87' title='bbox 147 691 202 740; x_wconf 89' lang='lat' dir='ltr'><strong>(Vid.</strong></span> <span class='ocrx_word' id='word_1_88' title='bbox 213 691 256 728; x_wconf 89' lang='lat' dir='ltr'><strong>eius</strong></span> <span class='ocrx_word' id='word_1_89' title='bbox 269 695 348 727; x_wconf 85' lang='lat' dir='ltr'><strong>annott.</strong></span> <span class='ocrx_word' id='word_1_90' title='bbox 361 687 387 725; x_wconf 91' lang='lat' dir='ltr'><strong>ad</strong></span> <span class='ocrx_word' id='word_1_91' title='bbox 398 687 455 738; x_wconf 84' lang='lat' dir='ltr'><strong>Virg.</strong></span> <span class='ocrx_word' id='word_1_92' title='bbox 463 687 515 728; x_wconf 86' lang='lat' dir='ltr'><strong>Geo.</strong></span> <span class='ocrx_word' id='word_1_93' title='bbox 523 689 556 735; x_wconf 79' lang='lat' dir='ltr'><strong>Ill,</strong></span> <span class='ocrx_word' id='word_1_94' title='bbox 564 687 618 735; x_wconf 83' lang='lat'>309.)</span> <span class='ocrx_word' id='word_1_95' title='bbox 632 708 658 714; x_wconf 85' lang='lat'>—</span> <span class='ocrx_word' id='word_1_96' title='bbox 670 685 765 724; x_wconf 80' lang='lat' dir='ltr'><strong>Lambin.</strong></span> 
     </span>
     <span class='ocr_line' id='line_1_13' title="bbox 49 739 766 790; baseline -0.008 -8"><span class='ocrx_word' id='word_1_97' title='bbox 49 757 60 782; x_wconf 90' lang='lat' dir='ltr'><strong>e</strong></span> <span class='ocrx_word' id='word_1_98' title='bbox 72 743 126 782; x_wconf 88' lang='lat' dir='ltr'><strong>coni.</strong></span> <span class='ocrx_word' id='word_1_99' title='bbox 137 742 202 780; x_wconf 83' lang='lat' dir='ltr'><strong>edidit</strong></span> <span class='ocrx_word' id='word_1_100' title='bbox 211 741 326 789; x_wconf 70' lang='lat' dir='ltr'><strong>mersimus,</strong></span> <span class='ocrx_word' id='word_1_101' title='bbox 341 739 398 790; x_wconf 87' lang='lat' dir='ltr'><strong>quod</strong></span> <span class='ocrx_word' id='word_1_102' title='bbox 406 739 462 790; x_wconf 81' lang='lat' dir='ltr'><strong>vulg.</strong></span> <span class='ocrx_word' id='word_1_103' title='bbox 474 739 532 777; x_wconf 80' lang='lat' dir='ltr'><strong>editt.</strong></span> <span class='ocrx_word' id='word_1_104' title='bbox 543 745 664 785; x_wconf 79' lang='lat' dir='ltr'><strong>servarunt3</strong></span> <span class='ocrx_word' id='word_1_105' title='bbox 679 742 766 777; x_wconf 77' lang='lat' dir='ltr'><strong>ursimus</strong></span> 
     </span>
     <span class='ocr_line' id='line_1_14' title="bbox 23 790 765 845; baseline -0.005 -13"><span class='ocrx_word' id='word_1_106' title='bbox 23 830 25 836; x_wconf 64' lang='lat'>.</span> <span class='ocrx_word' id='word_1_107' title='bbox 50 796 119 845; x_wconf 86' lang='lat' dir='ltr'><strong>(quod</strong></span> <span class='ocrx_word' id='word_1_108' title='bbox 134 794 197 832; x_wconf 83' lang='lat' dir='ltr'><strong>etiam</strong></span> <span class='ocrx_word' id='word_1_109' title='bbox 212 794 307 845; x_wconf 80' lang='lat' dir='ltr'><strong>Lugd.1.</strong></span> <span class='ocrx_word' id='word_1_110' title='bbox 325 805 337 829; x_wconf 90' lang='lat' dir='ltr'><strong>a</strong></span> <span class='ocrx_word' id='word_1_111' title='bbox 351 791 420 841; x_wconf 85' lang='lat' dir='ltr'><strong>prima</strong></span> <span class='ocrx_word' id='word_1_112' title='bbox 436 803 502 828; x_wconf 79' lang='lat' dir='ltr'><strong>manu</strong></span> <span class='ocrx_word' id='word_1_113' title='bbox 512 790 666 840; x_wconf 60' lang='lat' dir='ltr'><strong>exhibetliam</strong></span> <span class='ocrx_word' id='word_1_114' title='bbox 677 793 765 828; x_wconf 83' lang='lat' dir='ltr'><strong>Haverc.</strong></span> 
     </span>
     <span class='ocr_line' id='line_1_15' title="bbox 47 846 460 896; baseline -0.01 -13"><span class='ocrx_word' id='word_1_115' title='bbox 47 846 148 896; x_wconf 78' lang='lat' dir='ltr'><strong>restituit,</strong></span> <span class='ocrx_word' id='word_1_116' title='bbox 163 852 184 883; x_wconf 85' lang='lat' dir='ltr'><strong>et</strong></span> <span class='ocrx_word' id='word_1_117' title='bbox 193 853 251 883; x_wconf 76' lang='lat' dir='ltr'><strong>recte</strong></span> <span class='ocrx_word' id='word_1_118' title='bbox 263 846 413 894; x_wconf 80' lang='lat' dir='ltr'><strong>interpretatus</strong></span> <span class='ocrx_word' id='word_1_119' title='bbox 423 848 460 880; x_wconf 88' lang='lat' dir='ltr'><strong>est.</strong></span> 
     </span>
    </p>

    <p class='ocr_par' dir='ltr' id='par_1_8' title="bbox 48 893 765 999">
     <span class='ocr_line' id='line_1_16' title="bbox 100 893 765 947; baseline -0.009 -10"><span class='ocrx_word' id='word_1_120' title='bbox 100 900 144 939; x_wconf 79' lang='lat'>198.</span> <span class='ocrx_word' id='word_1_121' title='bbox 170 899 240 947; x_wconf 73' lang='lat' dir='ltr'><strong>mzilti]</strong></span> <span class='ocrx_word' id='word_1_122' title='bbox 260 896 319 934; x_wconf 86' lang='lat' dir='ltr'><strong>Bodt.</strong></span> <span class='ocrx_word' id='word_1_123' title='bbox 333 896 381 932; x_wconf 87' lang='lat' dir='ltr'><strong>Ver.</strong></span> <span class='ocrx_word' id='word_1_124' title='bbox 393 896 443 932; x_wconf 91' lang='lat' dir='ltr'><strong>Ven.</strong></span> <span class='ocrx_word' id='word_1_125' title='bbox 457 896 533 940; x_wconf 75' lang='lat' dir='ltr'><strong>multa,</strong></span> <span class='ocrx_word' id='word_1_126' title='bbox 550 893 608 945; x_wconf 85' lang='lat' dir='ltr'><strong>quod</strong></span> <span class='ocrx_word' id='word_1_127' title='bbox 620 894 686 934; x_wconf 88' lang='lat' dir='ltr'><strong>Bentl.</strong></span> <span class='ocrx_word' id='word_1_128' title='bbox 701 904 765 944; x_wconf 85' lang='lat' dir='ltr'><strong>prae-</strong></span> 
     </span>
     <span class='ocr_line' id='line_1_17' title="bbox 48 947 730 999; baseline -0.003 -12"><span class='ocrx_word' id='word_1_129' title='bbox 48 949 104 987; x_wconf 84' lang='lat' dir='ltr'><strong>ferre</strong></span> <span class='ocrx_word' id='word_1_130' title='bbox 115 950 203 999; x_wconf 83' lang='lat' dir='ltr'><strong>videtur,</strong></span> <span class='ocrx_word' id='word_1_131' title='bbox 218 959 341 998; x_wconf 85' lang='lat' dir='ltr'><strong>comparans</strong></span> <span class='ocrx_word' id='word_1_132' title='bbox 352 951 371 993; x_wconf 83' lang='grc' dir='ltr'><strong>Ι,</strong></span> <span class='ocrx_word' id='word_1_133' title='bbox 385 948 441 987; x_wconf 67' lang='grc'>1033.</span> <span class='ocrx_word' id='word_1_134' title='bbox 452 952 473 983; x_wconf 81' lang='lat' dir='ltr'><strong>et</strong></span> <span class='ocrx_word' id='word_1_135' title='bbox 484 948 507 995; x_wconf 86' lang='lat' dir='ltr'><strong>V,</strong></span> <span class='ocrx_word' id='word_1_136' title='bbox 517 947 562 986; x_wconf 72' lang='lat'>552.</span> <span class='ocrx_word' id='word_1_137' title='bbox 728 989 730 992; x_wconf 88' lang='lat'>.</span> 
     </span>
    </p>

    <p class='ocr_par' dir='ltr' id='par_1_9' title="bbox 48 995 766 1101">
     <span class='ocr_line' id='line_1_18' title="bbox 99 995 766 1049; baseline -0.009 -10"><span class='ocrx_word' id='word_1_138' title='bbox 99 1003 139 1041; x_wconf 65' lang='lat'><strong>903</strong></span> <span class='ocrx_word' id='word_1_139' title='bbox 148 1013 173 1038; x_wconf 85' lang='lat' dir='ltr'><strong>ss.</strong></span> <span class='ocrx_word' id='word_1_140' title='bbox 199 1003 260 1038; x_wconf 88' lang='lat' dir='ltr'><strong>Hunc</strong></span> <span class='ocrx_word' id='word_1_141' title='bbox 275 1000 348 1037; x_wconf 90' lang='lat' dir='ltr'><strong>locum</strong></span> <span class='ocrx_word' id='word_1_142' title='bbox 365 998 447 1037; x_wconf 84' lang='lat' dir='ltr'><strong>Servius</strong></span> <span class='ocrx_word' id='word_1_143' title='bbox 456 997 483 1035; x_wconf 84' lang='lat' dir='ltr'><strong>ad</strong></span> <span class='ocrx_word' id='word_1_144' title='bbox 493 999 548 1049; x_wconf 83' lang='lat' dir='ltr'><strong>Virg.</strong></span> <span class='ocrx_word' id='word_1_145' title='bbox 555 1000 605 1036; x_wconf 85' lang='lat' dir='ltr'><strong>Aen.</strong></span> <span class='ocrx_word' id='word_1_146' title='bbox 615 999 640 1048; x_wconf 79' lang='lat' dir='ltr'><strong>V,</strong></span> <span class='ocrx_word' id='word_1_147' title='bbox 651 998 696 1037; x_wconf 76' lang='lat'>527.</span> <span class='ocrx_word' id='word_1_148' title='bbox 708 995 766 1035; x_wconf 80' lang='lat' dir='ltr'><strong>vidc-</strong></span> 
     </span>
     <span class='ocr_line' id='line_1_19' title="bbox 48 1053 583 1101; baseline 0 -12"><span class='ocrx_word' id='word_1_149' title='bbox 48 1058 83 1089; x_wconf 81' lang='lat' dir='ltr'><strong>tur</strong></span> <span class='ocrx_word' id='word_1_150' title='bbox 93 1053 212 1101; x_wconf 81' lang='lat' dir='ltr'><strong>respexisse.</strong></span> <span class='ocrx_word' id='word_1_151' title='bbox 580 1068 583 1072; x_wconf 95' lang='lat'>·</span> 
     </span>
    </p>

    <p class='ocr_par' dir='ltr' id='par_1_10' title="bbox 47 1099 772 1465">
     <span class='ocr_line' id='line_1_20' title="bbox 99 1099 765 1155; baseline -0.011 -12"><span class='ocrx_word' id='word_1_152' title='bbox 99 1105 144 1143; x_wconf 72' lang='grc'>220.</span> <span class='ocrx_word' id='word_1_153' title='bbox 171 1108 278 1152; x_wconf 79' lang='lat' dir='ltr'><strong>„Tantum</strong></span> <span class='ocrx_word' id='word_1_154' title='bbox 290 1105 355 1155; x_wconf 82' lang='lat' dir='ltr'><strong>quod:</strong></span> <span class='ocrx_word' id='word_1_155' title='bbox 373 1101 387 1142; x_wconf 86' lang='lat'><strong>1&#39;.</strong></span> <span class='ocrx_word' id='word_1_156' title='bbox 398 1114 415 1140; x_wconf 85' lang='lat' dir='ltr'><strong>e.</strong></span> <span class='ocrx_word' id='word_1_157' title='bbox 428 1103 543 1141; x_wconf 72' lang='lat' dir='ltr'><strong>intantum</strong></span> <span class='ocrx_word' id='word_1_158' title='bbox 554 1102 683 1141; x_wconf 79' lang='lat' dir='ltr'><strong>intervallum</strong></span> <span class='ocrx_word' id='word_1_159' title='bbox 698 1099 765 1138; x_wconf 82' lang='lat' dir='ltr'><strong>decli-</strong></span> 
     </span>
     <span class='ocr_line' id='line_1_21' title="bbox 48 1153 765 1206; baseline -0.004 -14"><span class='ocrx_word' id='word_1_160' title='bbox 48 1165 110 1204; x_wconf 86' lang='lat' dir='ltr'><strong>nare,</strong></span> <span class='ocrx_word' id='word_1_161' title='bbox 131 1157 158 1193; x_wconf 83' lang='lat' dir='ltr'><strong>ad</strong></span> <span class='ocrx_word' id='word_1_162' title='bbox 169 1156 226 1205; x_wconf 83' lang='lat' dir='ltr'><strong>quod</strong></span> <span class='ocrx_word' id='word_1_163' title='bbox 236 1154 302 1206; x_wconf 88' lang='lat' dir='ltr'><strong>possis</strong></span> <span class='ocrx_word' id='word_1_164' title='bbox 317 1155 387 1192; x_wconf 85' lang='lat' dir='ltr'><strong>dicere</strong></span> <span class='ocrx_word' id='word_1_165' title='bbox 401 1153 510 1191; x_wconf 89' lang='lat' dir='ltr'><strong>minimam</strong></span> <span class='ocrx_word' id='word_1_166' title='bbox 525 1166 537 1191; x_wconf 89' lang='lat' dir='ltr'><strong>a</strong></span> <span class='ocrx_word' id='word_1_167' title='bbox 553 1153 610 1191; x_wconf 88' lang='lat' dir='ltr'><strong>linea</strong></span> <span class='ocrx_word' id='word_1_168' title='bbox 624 1153 765 1191; x_wconf 83' lang='lat' dir='ltr'><strong>mutationem</strong></span> 
     </span>
     <span class='ocr_line' id='line_1_22' title="bbox 47 1205 764 1259; baseline 0.001 -17"><span class='ocrx_word' id='word_1_169' title='bbox 47 1206 100 1243; x_wconf 81' lang='lat' dir='ltr'><strong>fieri.</strong></span> <span class='ocrx_word' id='word_1_170' title='bbox 127 1209 183 1243; x_wconf 86' lang='lat' dir='ltr'><strong>Haec</strong></span> <span class='ocrx_word' id='word_1_171' title='bbox 192 1207 271 1257; x_wconf 84' lang='lat' dir='ltr'><strong>phrasis</strong></span> <span class='ocrx_word' id='word_1_172' title='bbox 281 1213 326 1244; x_wconf 87' lang='lat' dir='ltr'><strong>tarn</strong></span> <span class='ocrx_word' id='word_1_173' title='bbox 336 1207 361 1243; x_wconf 89' lang='lat' dir='ltr'><strong>de</strong></span> <span class='ocrx_word' id='word_1_174' title='bbox 372 1218 461 1259; x_wconf 76' lang='lat' dir='ltr'><strong>tempore</strong></span> <span class='ocrx_word' id='word_1_175' title='bbox 471 1208 560 1256; x_wconf 79' lang='lat' dir='ltr'><strong>minimo,</strong></span> <span class='ocrx_word' id='word_1_176' title='bbox 573 1218 636 1256; x_wconf 82' lang='lat' dir='ltr'><strong>quam</strong></span> <span class='ocrx_word' id='word_1_177' title='bbox 646 1205 672 1242; x_wconf 87' lang='lat' dir='ltr'><strong>de</strong></span> <span class='ocrx_word' id='word_1_178' title='bbox 682 1207 764 1243; x_wconf 85' lang='lat' dir='ltr'><strong>minimo</strong></span> 
     </span>
     <span class='ocr_line' id='line_1_23' title="bbox 48 1257 769 1349; baseline 0 -4"><span class='ocrx_word' id='word_1_179' title='bbox 48 1258 290 1349; x_wconf 52' lang='lat' dir='ltr'><strong>ttatt‘titttttt</strong></span> <span class='ocrx_word' id='word_1_180' title='bbox 307 1258 657 1348; x_wconf 54' lang='lat' dir='ltr'><strong>..⁰⁰titttt0titttte3st.lt</strong></span> <span class='ocrx_word' id='word_1_181' title='bbox 669 1257 769 1346; x_wconf 60' lang='grc' dir='ltr'><strong>ἓῗιῖἒοὲϊ</strong></span> 
     </span>
     <span class='ocr_line' id='line_1_24' title="bbox 49 1333 772 1415; baseline 0.003 -18"><span class='ocrx_word' id='word_1_182' title='bbox 49 1361 81 1398; x_wconf 82' lang='grc'><strong>19.</strong></span> <span class='ocrx_word' id='word_1_183' title='bbox 92 1360 128 1400; x_wconf 84' lang='lat' dir='ltr'><strong>tin.</strong></span> <span class='ocrx_word' id='word_1_184' title='bbox 135 1362 148 1384; x_wconf 85' lang='lat'>“</span> <span class='ocrx_word' id='word_1_185' title='bbox 163 1363 194 1399; x_wconf 85' lang='lat' dir='ltr'><em>W</em></span> <span class='ocrx_word' id='word_1_186' title='bbox 196 1338 244 1402; x_wconf 53' lang='grc' dir='ltr'><strong>α’]ε.Ι</strong></span> <span class='ocrx_word' id='word_1_187' title='bbox 261 1362 327 1400; x_wconf 85' lang='lat' dir='ltr'><strong>Bentl.</strong></span> <span class='ocrx_word' id='word_1_188' title='bbox 338 1361 394 1400; x_wconf 84' lang='lat' dir='ltr'><strong>coni.</strong></span> <span class='ocrx_word' id='word_1_189' title='bbox 406 1362 459 1415; x_wconf 78' lang='lat' dir='ltr'><strong>quod</strong></span> <span class='ocrx_word' id='word_1_190' title='bbox 469 1338 574 1400; x_wconf 77' lang='lat' dir='ltr'><strong>minimum</strong></span> <span class='ocrx_word' id='word_1_191' title='bbox 585 1372 658 1400; x_wconf 77' lang='lat' dir='ltr'><strong>nutare</strong></span> <span class='ocrx_word' id='word_1_192' title='bbox 672 1371 695 1399; x_wconf 80' lang='lat' dir='ltr'><strong>ut</strong></span> <span class='ocrx_word' id='word_1_193' title='bbox 705 1333 772 1413; x_wconf 44' lang='grc' dir='ltr'>(1..ρῖ</span> 
     </span>
     <span class='ocr_line' id='line_1_25' title="bbox 48 1410 439 1465; baseline 0 -15"><span class='ocrx_word' id='word_1_194' title='bbox 48 1410 108 1450; x_wconf 76' lang='lat' dir='ltr'>Wak.</span> <span class='ocrx_word' id='word_1_195' title='bbox 119 1415 172 1463; x_wconf 78' lang='lat' dir='ltr'><strong>quod</strong></span> <span class='ocrx_word' id='word_1_196' title='bbox 183 1416 231 1453; x_wconf 84' lang='lat' dir='ltr'><strong>min.</strong></span> <span class='ocrx_word' id='word_1_197' title='bbox 243 1425 342 1452; x_wconf 75' lang='lat' dir='ltr'><strong>mutatum</strong></span> <span class='ocrx_word' id='word_1_198' title='bbox 355 1425 377 1451; x_wconf 79' lang='lat' dir='ltr'><strong>ut</strong></span> <span class='ocrx_word' id='word_1_199' title='bbox 389 1417 408 1465; x_wconf 79' lang='lat' dir='ltr'><strong>d.</strong></span> <span class='ocrx_word' id='word_1_200' title='bbox 417 1428 439 1465; x_wconf 85' lang='lat' dir='ltr'><strong>p.</strong></span> 
     </span>
    </p>

    <p class='ocr_par' dir='ltr' id='par_1_11' title="bbox 48 1462 762 1566">
     <span class='ocr_line' id='line_1_26' title="bbox 100 1462 762 1517; baseline 0.003 -16"><span class='ocrx_word' id='word_1_201' title='bbox 100 1464 145 1502; x_wconf 72' lang='grc'><strong>243.</strong></span> <span class='ocrx_word' id='word_1_202' title='bbox 171 1464 241 1516; x_wconf 77' lang='lat' dir='ltr'><strong>gerat]</strong></span> <span class='ocrx_word' id='word_1_203' title='bbox 258 1465 314 1504; x_wconf 81' lang='lat' dir='ltr'><strong>Bodl.</strong></span> <span class='ocrx_word' id='word_1_204' title='bbox 322 1468 383 1517; x_wconf 77' lang='lat' dir='ltr'><strong>gerit.</strong></span> <span class='ocrx_word' id='word_1_205' title='bbox 403 1463 476 1502; x_wconf 77' lang='lat' dir='ltr'><strong>Lami).</strong></span> <span class='ocrx_word' id='word_1_206' title='bbox 488 1476 513 1502; x_wconf 85' lang='lat' dir='ltr'><strong>ex</strong></span> <span class='ocrx_word' id='word_1_207' title='bbox 524 1462 608 1515; x_wconf 81' lang='lat' dir='ltr'><strong>ingenio</strong></span> <span class='ocrx_word' id='word_1_208' title='bbox 619 1462 684 1502; x_wconf 86' lang='lat' dir='ltr'><strong>edidit</strong></span> <span class='ocrx_word' id='word_1_209' title='bbox 692 1474 762 1517; x_wconf 79' lang='lat' dir='ltr'><strong>genet,</strong></span> 
     </span>
     <span class='ocr_line' id='line_1_27' title="bbox 48 1512 620 1566; baseline 0.007 -16"><span class='ocrx_word' id='word_1_210' title='bbox 48 1512 105 1565; x_wconf 82' lang='lat' dir='ltr'><strong>quod</strong></span> <span class='ocrx_word' id='word_1_211' title='bbox 115 1516 199 1555; x_wconf 86' lang='lat' dir='ltr'><strong>Creech.</strong></span> <span class='ocrx_word' id='word_1_212' title='bbox 209 1517 315 1566; x_wconf 74' lang='lat' dir='ltr'><strong>probavit,</strong></span> <span class='ocrx_word' id='word_1_213' title='bbox 331 1519 380 1553; x_wconf 79' lang='lat' dir='ltr'><strong>Hsv.</strong></span> <span class='ocrx_word' id='word_1_214' title='bbox 390 1529 440 1554; x_wconf 83' lang='lat' dir='ltr'><strong>vero</strong></span> <span class='ocrx_word' id='word_1_215' title='bbox 450 1515 529 1565; x_wconf 88' lang='lat' dir='ltr'><strong>primus</strong></span> <span class='ocrx_word' id='word_1_216' title='bbox 539 1515 620 1555; x_wconf 83' lang='lat' dir='ltr'><strong>reiecit.</strong></span> 
     </span>
    </p>

    <p class='ocr_par' dir='ltr' id='par_1_12' title="bbox 99 1567 587 1618">
     <span class='ocr_line' id='line_1_28' title="bbox 99 1567 587 1618; baseline 0.002 -13"><span class='ocrx_word' id='word_1_217' title='bbox 99 1568 137 1605; x_wconf 73' lang='lat'><strong>312</strong></span> <span class='ocrx_word' id='word_1_218' title='bbox 149 1580 165 1604; x_wconf 74' lang='lat' dir='ltr'><strong>s.</strong></span> <span class='ocrx_word' id='word_1_219' title='bbox 193 1567 254 1606; x_wconf 83' lang='lat' dir='ltr'><strong>Conf.</strong></span> <span class='ocrx_word' id='word_1_220' title='bbox 264 1568 348 1617; x_wconf 83' lang='lat' dir='ltr'><strong>Epicuri</strong></span> <span class='ocrx_word' id='word_1_221' title='bbox 358 1570 443 1618; x_wconf 81' lang='lat' dir='ltr'><strong>Fragm.</strong></span> <span class='ocrx_word' id='word_1_222' title='bbox 454 1567 468 1603; x_wconf 87' lang='lat' dir='ltr'><strong>l.</strong></span> <span class='ocrx_word' id='word_1_223' title='bbox 479 1570 503 1607; x_wconf 90' lang='grc' dir='ltr'><strong>ΙΙ.</strong></span> <span class='ocrx_word' id='word_1_224' title='bbox 515 1567 555 1605; x_wconf 90' lang='lat' dir='ltr'><strong>col.</strong></span> <span class='ocrx_word' id='word_1_225' title='bbox 569 1569 587 1608; x_wconf 88' lang='lat'><strong>1.</strong></span> 
     </span>
    </p>

    <p class='ocr_par' dir='ltr' id='par_1_13' title="bbox 47 1618 764 1773">
     <span class='ocr_line' id='line_1_29' title="bbox 98 1618 764 1672; baseline 0.002 -16"><span class='ocrx_word' id='word_1_226' title='bbox 98 1618 144 1657; x_wconf 73' lang='lat'>333.</span> <span class='ocrx_word' id='word_1_227' title='bbox 170 1621 275 1672; x_wconf 78' lang='lat' dir='ltr'><strong>deinceps,</strong></span> <span class='ocrx_word' id='word_1_228' title='bbox 288 1620 356 1657; x_wconf 80' lang='lat' dir='ltr'><strong>trihus</strong></span> <span class='ocrx_word' id='word_1_229' title='bbox 366 1619 450 1668; x_wconf 79' lang='lat' dir='ltr'><strong>syllabis</strong></span> <span class='ocrx_word' id='word_1_230' title='bbox 460 1618 645 1668; x_wconf 81' lang='lat' dir='ltr'><strong>pronuntiandum,</strong></span> <span class='ocrx_word' id='word_1_231' title='bbox 658 1625 682 1657; x_wconf 86' lang='lat' dir='ltr'><strong>ut</strong></span> <span class='ocrx_word' id='word_1_232' title='bbox 691 1620 764 1659; x_wconf 81' lang='lat' dir='ltr'><strong>deinde</strong></span> 
     </span>
     <span class='ocr_line' id='line_1_30' title="bbox 47 1667 763 1723; baseline 0.01 -19"><span class='ocrx_word' id='word_1_233' title='bbox 47 1667 166 1717; x_wconf 78' lang='lat' dir='ltr'><strong>saepissime</strong></span> <span class='ocrx_word' id='word_1_234' title='bbox 185 1669 328 1723; x_wconf 72' lang='grc' dir='ltr'><em>διςσυλλάβως.</em></span> <span class='ocrx_word' id='word_1_235' title='bbox 362 1671 436 1720; x_wconf 86' lang='lat' dir='ltr'><strong>(Conf.</strong></span> <span class='ocrx_word' id='word_1_236' title='bbox 455 1683 474 1710; x_wconf 87' lang='lat' dir='ltr'><strong>v.</strong></span> <span class='ocrx_word' id='word_1_237' title='bbox 492 1683 510 1708; x_wconf 90' lang='lat' dir='ltr'><strong>c.</strong></span> <span class='ocrx_word' id='word_1_238' title='bbox 528 1670 555 1708; x_wconf 87' lang='lat' dir='ltr'><strong>ad</strong></span> <span class='ocrx_word' id='word_1_239' title='bbox 575 1673 613 1717; x_wconf 87' lang='grc' dir='ltr'>ΙΙΙ,</span> <span class='ocrx_word' id='word_1_240' title='bbox 631 1669 689 1720; x_wconf 77' lang='lat'>384.)</span> <span class='ocrx_word' id='word_1_241' title='bbox 716 1670 763 1711; x_wconf 83' lang='lat' dir='ltr'><strong>Vid.</strong></span> 
     </span>
     <span class='ocr_line' id='line_1_31' title="bbox 47 1719 763 1773; baseline 0.006 -19"><span class='ocrx_word' id='word_1_242' title='bbox 47 1719 142 1758; x_wconf 84' lang='lat' dir='ltr'><strong>Schneid.</strong></span> <span class='ocrx_word' id='word_1_243' title='bbox 155 1723 190 1758; x_wconf 85' lang='lat' dir='ltr'><strong>Gr.</strong></span> <span class='ocrx_word' id='word_1_244' title='bbox 202 1725 246 1762; x_wconf 83' lang='lat' dir='ltr'><strong>Lat.</strong></span> <span class='ocrx_word' id='word_1_245' title='bbox 258 1725 273 1760; x_wconf 94' lang='grc' dir='ltr'><strong>Ι.</strong></span> <span class='ocrx_word' id='word_1_246' title='bbox 286 1736 306 1773; x_wconf 88' lang='lat' dir='ltr'><strong>p.</strong></span> <span class='ocrx_word' id='word_1_247' title='bbox 319 1725 350 1763; x_wconf 81' lang='lat'><strong>67.</strong></span> <span class='ocrx_word' id='word_1_248' title='bbox 364 1729 385 1760; x_wconf 87' lang='lat' dir='ltr'><strong>et</strong></span> <span class='ocrx_word' id='word_1_249' title='bbox 394 1722 436 1761; x_wconf 89' lang='lat' dir='ltr'><strong>loci</strong></span> <span class='ocrx_word' id='word_1_250' title='bbox 446 1735 458 1760; x_wconf 86' lang='lat' dir='ltr'><strong>a</strong></span> <span class='ocrx_word' id='word_1_251' title='bbox 468 1722 528 1761; x_wconf 87' lang='lat' dir='ltr'><strong>nohis</strong></span> <span class='ocrx_word' id='word_1_252' title='bbox 542 1722 564 1759; x_wconf 92' lang='lat' dir='ltr'><strong>in</strong></span> <span class='ocrx_word' id='word_1_253' title='bbox 574 1722 644 1760; x_wconf 85' lang='lat' dir='ltr'><strong>indice</strong></span> <span class='ocrx_word' id='word_1_254' title='bbox 654 1736 669 1759; x_wconf 90' lang='lat' dir='ltr'><strong>s.</strong></span> <span class='ocrx_word' id='word_1_255' title='bbox 681 1736 699 1759; x_wconf 89' lang='lat' dir='ltr'><strong>v.</strong></span> <span class='ocrx_word' id='word_1_256' title='bbox 712 1725 763 1772; x_wconf 82' lang='lat' dir='ltr'><strong>Syn·</strong></span> 
     </span>
    </p>
   </div>
   <div class='ocr_carea' id='block_1_3' title="bbox 47 1771 826 1826">
    <p class='ocr_par' dir='ltr' id='par_1_14' title="bbox 47 1771 826 1826">
     <span class='ocr_line' id='line_1_32' title="bbox 47 1771 826 1826; baseline 0.006 -20"><span class='ocrx_word' id='word_1_257' title='bbox 47 1771 123 1809; x_wconf 87' lang='lat' dir='ltr'><strong>aeresis</strong></span> <span class='ocrx_word' id='word_1_258' title='bbox 137 1773 227 1812; x_wconf 82' lang='lat' dir='ltr'><strong>collecti.</strong></span> <span class='ocrx_word' id='word_1_259' title='bbox 255 1775 352 1813; x_wconf 87' lang='lat' dir='ltr'><strong>Ceterum</strong></span> <span class='ocrx_word' id='word_1_260' title='bbox 364 1787 414 1814; x_wconf 85' lang='lat' dir='ltr'><strong>cum</strong></span> <span class='ocrx_word' id='word_1_261' title='bbox 427 1774 448 1814; x_wconf 90' lang='lat' dir='ltr'><strong>h.</strong></span> <span class='ocrx_word' id='word_1_262' title='bbox 462 1774 478 1814; x_wconf 92' lang='lat' dir='ltr'><strong>l.</strong></span> <span class='ocrx_word' id='word_1_263' title='bbox 500 1774 557 1813; x_wconf 86' lang='lat' dir='ltr'><strong>conf.</strong></span> <span class='ocrx_word' id='word_1_264' title='bbox 576 1775 661 1826; x_wconf 81' lang='lat' dir='ltr'><strong>Epicuri</strong></span> <span class='ocrx_word' id='word_1_265' title='bbox 681 1787 713 1825; x_wconf 81' lang='lat' dir='ltr'><strong>ep.</strong></span> <span class='ocrx_word' id='word_1_266' title='bbox 735 1773 763 1811; x_wconf 89' lang='lat' dir='ltr'><strong>ad</strong></span> <span class='ocrx_word' id='word_1_267' title='bbox 824 1820 826 1824; x_wconf 71' lang='lat'>‚</span> 
     </span>
    </p>
   </div>
   <div class='ocr_carea' id='block_1_4' title="bbox 46 1823 762 2493">
    <p class='ocr_par' dir='ltr' id='par_1_15' title="bbox 47 1823 184 1872">
     <span class='ocr_line' id='line_1_33' title="bbox 47 1823 184 1872; baseline 0.007 -13"><span class='ocrx_word' id='word_1_268' title='bbox 47 1823 123 1860; x_wconf 87' lang='lat' dir='ltr'><strong>Herod.</strong></span> <span class='ocrx_word' id='word_1_269' title='bbox 135 1827 154 1872; x_wconf 69' lang='lat'><strong>§-</strong></span> <span class='ocrx_word' id='word_1_270' title='bbox 165 1828 184 1866; x_wconf 83' lang='lat'><strong>9.</strong></span> 
     </span>
    </p>

    <p class='ocr_par' dir='ltr' id='par_1_16' title="bbox 46 1873 762 2085">
     <span class='ocr_line' id='line_1_34' title="bbox 98 1873 761 1928; baseline 0 -15"><span class='ocrx_word' id='word_1_271' title='bbox 98 1873 142 1914; x_wconf 74' lang='grc'>343.</span> <span class='ocrx_word' id='word_1_272' title='bbox 171 1888 262 1917; x_wconf 80' lang='lat' dir='ltr'><strong>armenta</strong></span> <span class='ocrx_word' id='word_1_273' title='bbox 283 1877 402 1917; x_wconf 85' lang='lat' dir='ltr'><strong>emendatio</strong></span> <span class='ocrx_word' id='word_1_274' title='bbox 421 1885 452 1917; x_wconf 87' lang='lat' dir='ltr'><strong>est</strong></span> <span class='ocrx_word' id='word_1_275' title='bbox 470 1878 570 1928; x_wconf 85' lang='lat' dir='ltr'><strong>anonymi</strong></span> <span class='ocrx_word' id='word_1_276' title='bbox 585 1876 671 1916; x_wconf 83' lang='lat' dir='ltr'><strong>editoris</strong></span> <span class='ocrx_word' id='word_1_277' title='bbox 687 1876 761 1925; x_wconf 83' lang='lat' dir='ltr'><strong>Lond,</strong></span> 
     </span>
     <span class='ocr_line' id='line_1_35' title="bbox 48 1927 762 1983; baseline 0.004 -22"><span class='ocrx_word' id='word_1_278' title='bbox 48 1927 153 1983; x_wconf 82' lang='lat' dir='ltr'><strong>communi</strong></span> <span class='ocrx_word' id='word_1_279' title='bbox 162 1928 235 1978; x_wconf 83' lang='lat' dir='ltr'><strong>plausu</strong></span> <span class='ocrx_word' id='word_1_280' title='bbox 244 1931 380 1968; x_wconf 78' lang='lat' dir='ltr'><strong>asertoribus</strong></span> <span class='ocrx_word' id='word_1_281' title='bbox 391 1931 487 1969; x_wconf 85' lang='lat' dir='ltr'><strong>omnibus</strong></span> <span class='ocrx_word' id='word_1_282' title='bbox 499 1936 591 1980; x_wconf 82' lang='lat' dir='ltr'><strong>excepta.</strong></span> <span class='ocrx_word' id='word_1_283' title='bbox 621 1932 695 1966; x_wconf 86' lang='lat' dir='ltr'><strong>Omnes</strong></span> <span class='ocrx_word' id='word_1_284' title='bbox 706 1929 762 1966; x_wconf 82' lang='lat' dir='ltr'><strong>enim</strong></span> 
     </span>
     <span class='ocr_line' id='line_1_36' title="bbox 46 1975 762 2032; baseline 0.004 -19"><span class='ocrx_word' id='word_1_285' title='bbox 46 1975 95 2013; x_wconf 82' lang='lat' dir='ltr'><strong>libri</strong></span> <span class='ocrx_word' id='word_1_286' title='bbox 107 1980 202 2028; x_wconf 76' lang='lat' dir='ltr'><strong>arbusta,</strong></span> <span class='ocrx_word' id='word_1_287' title='bbox 223 1994 286 2032; x_wconf 86' lang='lat' dir='ltr'><strong>quam</strong></span> <span class='ocrx_word' id='word_1_288' title='bbox 301 1982 377 2020; x_wconf 81' lang='lat' dir='ltr'><strong>falsam</strong></span> <span class='ocrx_word' id='word_1_289' title='bbox 393 1983 507 2029; x_wconf 83' lang='lat' dir='ltr'><strong>lectionem</strong></span> <span class='ocrx_word' id='word_1_290' title='bbox 523 1988 597 2020; x_wconf 83' lang='lat' dir='ltr'><strong>auctor</strong></span> <span class='ocrx_word' id='word_1_291' title='bbox 611 1979 762 2020; x_wconf 85' lang='lat' dir='ltr'><strong>emendationis</strong></span> 
     </span>
     <span class='ocr_line' id='line_1_37' title="bbox 48 2031 562 2085; baseline 0.018 -21"><span class='ocrx_word' id='word_1_292' title='bbox 48 2034 115 2067; x_wconf 83' lang='lat' dir='ltr'><strong>ortam</strong></span> <span class='ocrx_word' id='word_1_293' title='bbox 125 2038 196 2069; x_wconf 84' lang='lat' dir='ltr'><strong>censet</strong></span> <span class='ocrx_word' id='word_1_294' title='bbox 206 2045 217 2070; x_wconf 89' lang='lat' dir='ltr'><strong>e</strong></span> <span class='ocrx_word' id='word_1_295' title='bbox 226 2031 332 2082; x_wconf 82' lang='lat' dir='ltr'><strong>scriptura</strong></span> <span class='ocrx_word' id='word_1_296' title='bbox 342 2033 497 2085; x_wconf 83' lang='lat' dir='ltr'><strong>compendiaria</strong></span> <span class='ocrx_word' id='word_1_297' title='bbox 508 2046 562 2073; x_wconf 80' lang='lat' dir='ltr'><strong>arta.</strong></span> 
     </span>
    </p>

    <p class='ocr_par' dir='ltr' id='par_1_17' title="bbox 98 2080 502 2136">
     <span class='ocr_line' id='line_1_38' title="bbox 98 2080 502 2136; baseline 0.012 -15"><span class='ocrx_word' id='word_1_298' title='bbox 98 2080 106 2111; x_wconf 46' lang='grc' dir='ltr'><em>Ὺ</em></span> <span class='ocrx_word' id='word_1_299' title='bbox 119 2083 163 2121; x_wconf 73' lang='grc'>372.</span> <span class='ocrx_word' id='word_1_300' title='bbox 189 2082 236 2135; x_wconf 83' lang='lat' dir='ltr'><strong>lege</strong></span> <span class='ocrx_word' id='word_1_301' title='bbox 247 2087 343 2125; x_wconf 80' lang='lat' dir='ltr'><strong>inseritur</strong></span> <span class='ocrx_word' id='word_1_302' title='bbox 354 2098 392 2136; x_wconf 84' lang='lat' dir='ltr'><strong>pro</strong></span> <span class='ocrx_word' id='word_1_303' title='bbox 406 2089 502 2126; x_wconf 83' lang='lat' dir='ltr'><strong>insertur.</strong></span> 
     </span>
    </p>

    <p class='ocr_par' dir='ltr' id='par_1_18' title="bbox 98 2134 534 2190">
     <span class='ocr_line' id='line_1_39' title="bbox 98 2134 534 2190; baseline 0.009 -19"><span class='ocrx_word' id='word_1_304' title='bbox 98 2134 142 2187; x_wconf 74' lang='lat'>390-</span> <span class='ocrx_word' id='word_1_305' title='bbox 170 2137 281 2187; x_wconf 80' lang='lat' dir='ltr'><strong>aquarum]</strong></span> <span class='ocrx_word' id='word_1_306' title='bbox 299 2138 365 2178; x_wconf 84' lang='lat' dir='ltr'><strong>Bentl.</strong></span> <span class='ocrx_word' id='word_1_307' title='bbox 378 2138 454 2175; x_wconf 79' lang='lat' dir='ltr'><strong>maluit</strong></span> <span class='ocrx_word' id='word_1_308' title='bbox 463 2140 534 2190; x_wconf 78' lang='lat' dir='ltr'><strong>aquai.</strong></span> 
     </span>
    </p>

    <p class='ocr_par' dir='ltr' id='par_1_19' title="bbox 48 2183 762 2318">
     <span class='ocr_line' id='line_1_40' title="bbox 97 2183 760 2238; baseline 0.002 -15"><span class='ocrx_word' id='word_1_309' title='bbox 97 2183 106 2201; x_wconf 61' lang='lat'>⁴</span> <span class='ocrx_word' id='word_1_310' title='bbox 118 2185 163 2225; x_wconf 76' lang='lat'>392.</span> <span class='ocrx_word' id='word_1_311' title='bbox 191 2188 220 2224; x_wconf 88' lang='lat' dir='ltr'><strong>De</strong></span> <span class='ocrx_word' id='word_1_312' title='bbox 230 2188 335 2236; x_wconf 83' lang='lat' dir='ltr'><strong>scriptura</strong></span> <span class='ocrx_word' id='word_1_313' title='bbox 345 2192 436 2228; x_wconf 74' lang='lat' dir='ltr'><strong>cunctari</strong></span> <span class='ocrx_word' id='word_1_314' title='bbox 451 2185 567 2238; x_wconf 77' lang='lat' dir='ltr'><strong>(cunctari)</strong></span> <span class='ocrx_word' id='word_1_315' title='bbox 583 2192 604 2225; x_wconf 88' lang='lat' dir='ltr'><strong>et</strong></span> <span class='ocrx_word' id='word_1_316' title='bbox 613 2189 693 2227; x_wconf 83' lang='lat' dir='ltr'><strong>contari</strong></span> <span class='ocrx_word' id='word_1_317' title='bbox 704 2184 760 2224; x_wconf 79' lang='lat' dir='ltr'><strong>conf.</strong></span> 
     </span>
     <span class='ocr_line' id='line_1_41' title="bbox 48 2234 762 2318; baseline 0.008 -49"><span class='ocrx_word' id='word_1_318' title='bbox 48 2243 100 2318; x_wconf 51' lang='lat' dir='ltr'><strong>duait</strong></span> <span class='ocrx_word' id='word_1_319' title='bbox 109 2234 131 2272; x_wconf 90' lang='lat' dir='ltr'><strong>in</strong></span> <span class='ocrx_word' id='word_1_320' title='bbox 139 2237 208 2276; x_wconf 78' lang='lat' dir='ltr'><strong>Praei.</strong></span> <span class='ocrx_word' id='word_1_321' title='bbox 214 2252 235 2290; x_wconf 88' lang='lat' dir='ltr'><strong>p.</strong></span> <span class='ocrx_word' id='word_1_322' title='bbox 240 2241 302 2281; x_wconf 82' lang='lat' dir='ltr'><strong>tht.</strong></span> <span class='ocrx_word' id='word_1_323' title='bbox 311 2240 367 2281; x_wconf 84' lang='lat' dir='ltr'><strong>dicta</strong></span> <span class='ocrx_word' id='word_1_324' title='bbox 378 2247 433 2291; x_wconf 89' lang='lat' dir='ltr'><strong>sunt,</strong></span> <span class='ocrx_word' id='word_1_325' title='bbox 443 2239 499 2279; x_wconf 86' lang='lat' dir='ltr'><strong>unde</strong></span> <span class='ocrx_word' id='word_1_326' title='bbox 510 2240 562 2289; x_wconf 77' lang='lat' dir='ltr'><strong>haec</strong></span> <span class='ocrx_word' id='word_1_327' title='bbox 572 2238 679 2285; x_wconf 76' lang='lat' dir='ltr'><strong>annotatio</strong></span> <span class='ocrx_word' id='word_1_328' title='bbox 691 2249 762 2277; x_wconf 88' lang='lat' dir='ltr'><strong>emen-</strong></span> 
     </span>
    </p>

    <p class='ocr_par' dir='ltr' id='par_1_20' title="bbox 48 2296 761 2493">
     <span class='ocr_line' id='line_1_42' title="bbox 62 2296 122 2322; baseline 0.033 -2"><span class='ocrx_word' id='word_1_329' title='bbox 62 2296 88 2320; x_wconf 92' lang='lat' dir='ltr'><strong>an</strong></span> <span class='ocrx_word' id='word_1_330' title='bbox 103 2298 122 2322; x_wconf 71' lang='lat' dir='ltr'><strong>a,</strong></span> 
     </span>
     <span class='ocr_line' id='line_1_43' title="bbox 75 2337 761 2392; baseline -0.001 -16"><span class='ocrx_word' id='word_1_331' title='bbox 75 2384 79 2392; x_wconf 42' lang='grc' dir='ltr'>Ι</span> <span class='ocrx_word' id='word_1_332' title='bbox 97 2337 142 2379; x_wconf 81' lang='lat'>399.</span> <span class='ocrx_word' id='word_1_333' title='bbox 167 2343 265 2392; x_wconf 74' lang='lat' dir='ltr'><strong>Iucundol</strong></span> <span class='ocrx_word' id='word_1_334' title='bbox 280 2343 311 2382; x_wconf 91' lang='lat' dir='ltr'><strong>sic</strong></span> <span class='ocrx_word' id='word_1_335' title='bbox 320 2344 375 2382; x_wconf 85' lang='lat' dir='ltr'><strong>Brix.</strong></span> <span class='ocrx_word' id='word_1_336' title='bbox 382 2348 428 2385; x_wconf 88' lang='lat' dir='ltr'><strong>Ver.</strong></span> <span class='ocrx_word' id='word_1_337' title='bbox 434 2342 537 2383; x_wconf 79' lang='lat' dir='ltr'><strong>VenAtd.</strong></span> <span class='ocrx_word' id='word_1_338' title='bbox 544 2344 562 2382; x_wconf 83' lang='lat'><strong>1.</strong></span> <span class='ocrx_word' id='word_1_339' title='bbox 572 2343 621 2380; x_wconf 87' lang='lat' dir='ltr'><strong>Bon.</strong></span> <span class='ocrx_word' id='word_1_340' title='bbox 634 2341 761 2389; x_wconf 82' lang='lat' dir='ltr'><strong>eaedemque</strong></span> 
     </span>
     <span class='ocr_line' id='line_1_44' title="bbox 48 2383 760 2445; baseline 0.018 -24"><span class='ocrx_word' id='word_1_341' title='bbox 48 2383 104 2426; x_wconf 79' lang='lat' dir='ltr'><strong>editt.</strong></span> <span class='ocrx_word' id='word_1_342' title='bbox 114 2397 196 2436; x_wconf 77' lang='lat' dir='ltr'><strong>praeter</strong></span> <span class='ocrx_word' id='word_1_343' title='bbox 206 2394 257 2432; x_wconf 85' lang='lat' dir='ltr'><strong>Brix.</strong></span> <span class='ocrx_word' id='word_1_344' title='bbox 268 2394 325 2435; x_wconf 83' lang='lat' dir='ltr'><strong>adv.</strong></span> <span class='ocrx_word' id='word_1_345' title='bbox 336 2394 381 2436; x_wconf 83' lang='lat'>403.</span> <span class='ocrx_word' id='word_1_346' title='bbox 393 2398 484 2436; x_wconf 82' lang='lat' dir='ltr'><strong>iocunde.</strong></span> <span class='ocrx_word' id='word_1_347' title='bbox 503 2394 562 2445; x_wconf 89' lang='lat' dir='ltr'><strong>(Vid.</strong></span> <span class='ocrx_word' id='word_1_348' title='bbox 575 2393 643 2434; x_wconf 78' lang='lat' dir='ltr'><strong>Praei.</strong></span> <span class='ocrx_word' id='word_1_349' title='bbox 651 2406 671 2442; x_wconf 94' lang='lat' dir='ltr'><strong>p.</strong></span> <span class='ocrx_word' id='word_1_350' title='bbox 679 2389 760 2434; x_wconf 71' lang='lat' dir='ltr'>XVII.)</span> 
     </span>
     <span class='ocr_line' id='line_1_45' title="bbox 97 2435 758 2493; baseline 0.005 -13"><span class='ocrx_word' id='word_1_351' title='bbox 97 2435 141 2480; x_wconf 82' lang='lat' dir='ltr'><strong>tot.</strong></span> <span class='ocrx_word' id='word_1_352' title='bbox 169 2444 198 2482; x_wconf 86' lang='lat' dir='ltr'><strong>De</strong></span> <span class='ocrx_word' id='word_1_353' title='bbox 208 2446 316 2487; x_wconf 77' lang='lat' dir='ltr'><strong>scansione</strong></span> <span class='ocrx_word' id='word_1_354' title='bbox 326 2448 388 2488; x_wconf 86' lang='lat' dir='ltr'><strong>huius</strong></span> <span class='ocrx_word' id='word_1_355' title='bbox 398 2447 536 2490; x_wconf 84' lang='lat' dir='ltr'><strong>versusconf.</strong></span> <span class='ocrx_word' id='word_1_356' title='bbox 547 2452 627 2485; x_wconf 78' lang='lat' dir='ltr'><strong>annon.</strong></span> <span class='ocrx_word' id='word_1_357' title='bbox 638 2444 665 2484; x_wconf 87' lang='lat' dir='ltr'><strong>ad</strong></span> <span class='ocrx_word' id='word_1_358' title='bbox 675 2445 707 2493; x_wconf 84' lang='lat' dir='ltr'><strong>VI,</strong></span> <span class='ocrx_word' id='word_1_359' title='bbox 714 2440 758 2483; x_wconf 82' lang='lat'><strong>797·</strong></span> 
     </span>
    </p>
   </div>
   <div class='ocr_carea' id='block_1_5' title="bbox 0 0 850 2654">
    <p class='ocr_par' dir='ltr' id='par_1_21' title="bbox 0 0 850 2654">
     <span class='ocr_line' id='line_1_46' title="bbox 0 0 850 2654; baseline 0 0"><span class='ocrx_word' id='word_1_360' title='bbox 0 0 850 2654; x_wconf 95' lang='lat' dir='ltr'><strong> </strong></span> 
     </span>
    </p>
   </div>
  </div>
 </body>
</html>
