1690 2654
236 167 238 171 ,
300 97 470 165 uunanu1.'
684 117 732 165 153

67 237 130 288 Quae,
141 235 196 276 velut
207 233 289 283 halitus,
302 232 391 273 hinc‘ite
403 244 486 273 sursum
494 243 587 282 expressa
600 230 699 281 feruntur,

67 289 224 339 Snffimduntque
236 299 273 327 sua
285 287 363 326 coelum
375 285 469 336 caligine,
483 288 503 323 et
515 285 566 325 altas

67 341 173 382 Sufficiunt
184 338 253 380 nubeis
264 338 368 389 paullatim
382 336 523 377 conueninndo.
540 375 542 378 ,
597 356 602 369 η,
691 334 732 378 480

66 395 144 445 Urguet
155 392 208 431 enim
222 390 300 442 quoque
312 388 403 440 signiferi
414 401 475 438 super
487 387 573 428 aetheris
585 392 657 439 aestus,

66 446 100 492 Et,
114 444 171 494 quasi
183 443 287 490 densendo,
300 440 386 479 subtexit
400 439 480 479 caerula
491 438 571 479 nimbis.

65 501 67 504 ’
92 496 126 535 Fit
137 507 220 544 quoque,
233 498 257 532 ut
268 492 413 535 hunc.veniaut
425 492 447 530 in
460 494 538 530 coetum
550 491 669 533 extrinsecus
681 492 715 533 illi

18 560 20 563 ’
66 548 162 597 Corpora,
175 558 225 595 quoe
237 544 313 584 fuciunt
324 544 393 583 nubeis
405 543 523 592 nimbosque
534 544 638 589 volenteis.

65 597 231 638 innumerabilem
243 596 297 635 eninr
308 608 419 644 nnmerum,
432 608 570 646 summumque
580 595 675 646 profundi
691 594 732 647 485

65 649 116 689 Esse
127 648 225 699 infinitam
237 648 310 695 docuie
319 653 432 699 quanteque
447 648 538 687 volarent
589 680 590 683 ,

66 701 155 752 Corpora
167 700 284 749 mobilitate,
298 701 379 748 ostendi,
392 712 492 749 quamque
503 703 584 750 repente

64 752 225 793 Irnmemorabile
236 763 272 802 per
283 752 369 802 spatium
381 751 465 791 transire
477 752 569 798 solerent.
626 768 628 773 ·

65 805 129 846 Haud
139 804 204 856 igitur
218 804 292 844 mirum
304 807 340 853 est,
353 804 371 844 si
382 803 446 854 per-vo
454 807 546 855 tempore
558 815 619 855 saepe

66 857 119 897 'I'am
131 870 214 908 magnos
227 855 310 897 monteis
321 859 427 906 tempestas
440 859 499 905 atque
510 856 603 903 tenebrae
691 855 732 898 490

66 909 192 959 Conperiant,
203 909 269 948 maria
281 921 305 948 ac
317 912 389 956 terras,
400 908 490 958 impensa
502 920 597 957 superne3

66 960 157 1011 Undique
170 961 327 1011 quandoquidem
338 973 374 1009 per
383 960 450 998 caulas
462 960 548 998 aetheris
564 957 646 1007 omneis,

66 1013 94 1052 Et
107 1012 166 1062 quasi
175 1025 211 1062 per
223 1012 293 1063 magni
304 1011 378 1049 circum
391 1010 490 1060 spiracula
498 1010 574 1059 mundi,

6 1076 8 1082 ⁸
66 1064 136 1104 Exitus
147 1064 279 1113 introitusque
292 1062 404 1101 elementeis
416 1062 503 1101 redditus
517 1065 588 1102 exstat.

92 1116 149 1155 Nrmc
161 1119 208 1166 age;
220 1128 259 1165 quo
268 1112 328 1164 vpaeto
338 1114 420 1163 'pluvius
432 1119 545 1154 concrescat
556 1115 578 1152 in
590 1113 637 1155 altis
681 1113 732 1157 ,495
786 1173 789 1179 1

67 1166 157 1207 Nubibus
167 1167 248 1213 humor,
261 1170 280 1204 et
292 1166 314 1204 in
326 1169 389 1205 terras
401 1166 496 1205 demissus
507 1171 530 1205 ut
541 1166 607 1204 imber

67 1218 157 1265 Decidat,
170 1217 279 1268 expediam.
296 1217 394 1268 Primum,
407 1218 448 1256 inm
460 1218 535 1257 semina
549 1219 609 1268 aquai

38 1284 39 1287 ¹
58 1270 133 1308 'Multa
145 1269 205 1308 simul
217 1270 295 1308 vincam
307 1282 425 1321 consurgere
437 1270 521 1309 nubibus
533 1270 582 1319 ipsis'

67 1321 163 1360 Omnibus
176 1334 200 1359 ex
212 1322 277 1368 rebus,
289 1321 404 1371 pariterque
416 1321 445 1359 ita
457 1334 544 1359 crescere
556 1325 669 1370 utrumque,

67 1374 93 1412 llt
105 1373 180 1421 nubeis,
193 1376 213 1412 et
225 1385 303 1422 aquam,
316 1385 465 1422 quaequomque
477 1373 498 1411 in
510 1371 595 1411 nubibus
604 1376 674 1420 exstet,
691 1370 731 1412 500

66 1425 94 1462 Ut
106 1425 180 1473 pariter
191 1424 248 1462 nobis
260 1437 330 1474 corpus
343 1438 388 1462 oum
400 1424 496 1474 sanguine
507 1424 582 1471 crescit,

67 1475 131 1514 Sudor
139 1476 187 1514 item
197 1479 256 1524 atque
264 1477 342 1522 humor,
349 1476 481 1525 quiquumque
491 1480 524 1514 est
529 1475 612 1524 denique
617 1476 729 1516 membreis.

67 1527 185 1577 Coneipiunt
197 1527 258 1566 etiam
270 1529 355 1566 multum
365 1540 444 1577 ‘quoque
456 1539 514 1577 saepe
525 1528 626 1567 marinum

66 1579 184 1626 Humorem,
197 1579 258 1617 veluti
270 1578 373 1630 pendentia
385 1579 461 1617 vellera
470 1579 535 1626 lanae,

67 1630 134 1677 Quom
146 1643 218 1680 supera
231 1643 327 1681 magnum
339 1643 394 1669 mare
406 1630 471 1669 ventei
482 1629 552 1669 nubila
562 1633 648 1680 portant.
689 1629 731 1672 505

67 1682 170 1732 Consimili
180 1682 257 1720 ratione
269 1695 293 1720 ex
305 1682 396 1725 omnibus
409 1682 500 1721 amnibus
511 1682 585 1721 humor

65 1733 154 1772 vTollitur
166 1733 192 1783 in·
200 1734 277 1772 nubeis:
291 1732 329 1785 qno
343 1735 403 1784 quom
415 1735 466 1772 bene
478 1734 554 1773 semina
567 1746 665 1784 aquarum

66 1784 132 1824 Multa
144 1784 208 1824 modis
220 1785 288 1824 multis
296 1785 415 1832 convenere,
427 1786 514 1835 undique
525 1786 621 1835 adaucte;

67 1837 171 1875 Conlertae
183 1837 244 1874 nubes
256 1840 299 1875 tum
312 1849 333 1875 se
344 1837 443 1879 dimittere
456 1840 531 1876 certant
541 1867 543 1869 v

65 1888 187 1937 Dupliciter:
199 1900 246 1927 nam
257 1888 288 1926 vis
299 1888 354 1927 venti
365 1889 469 1936 contrudit,
482 1894 501 1927 et
512 1888 557 1938 ipsa
689 1886 730 1929 51⁰

66 1939 130 1989 Copia
141 1939 261 1986 nimborum,
274 1940 332 1978 turba
343 1940 420 1979 maiore
432 1943 506 1986 coacta,

66 1991 159 2042 Urguens
171 2004 195 2030 ex
209 2004 279 2042 supero
291 1992 369 2041 premit,
383 2005 406 2031 ac
418 1991 467 2031 facit
483 1991 565 2029 effluere
576 1989 665 2034 imbreis.

92 2044 205 2091 Praeterea,
218 2056 278 2093 quom
289 2047 390 2083 rnresount
402 2044 480 2094 quoque
491 2042 561 2083 nubila
572 2043 642 2092 ventis,

66 2093 107 2133 Aut
119 2095 252 2134 dissolvuntur
263 2095 310 2135 solis
323 2108 382 2145 super
394 2095 434 2134 ictu
447 2096 519 2142 calore,
604 2134 606 2140 χ

67 2145 150 2185 Mittunt
161 2147 267 2186 humorem
278 2147 379 2198 pluvium3
387 2147 487 2194 stillante,
501 2146 558 2196 quasi
569 2145 614 2201 igni
690 2145 731 2188 515

67 2196 119 2236 Cera
131 2211 190 2248 super
203 2199 273 2247 calido,
285 2200 387 2239 tabescens
398 2199 469 2249 multa,
480 2199 585 2249 liquescat.

92 2248 132 2288 S'ed
144 2251 250 2290 vehemens
261 2252 325 2294 imber
336 2252 366 2299 fit,
377 2250 413 2290 ubi
425 2252 550 2290 vehementer
562 2254 647 2303 utraque

65 2298 140 2339 Nubila
152 2302 174 2343 ui
186 2304 287 2343 cumulata
297 2306 414 2354 premuntur
426 2306 446 2342 et
457 2302 531 2354 impete
545 2303 607 2343 venti.

92 2352 119 2391 At
130 2353 215 2394 retinere
227 2354 262 2394 diu
274 2356 355 2406 pluviae
367 2357 489 2407 longumque
500 2355 576 2395 morari

66 2402 193 2455 Consuerunt,
205 2406 241 2445 ubi
253 2409 317 2447 multa
327 2409 411 2447 fluenter
423 2408 499 2447 semina
510 2419 615 2458 aquarmu,
689 2403 729 2446 52⁰

65 2454 130 2504 Atque
142 2456 187 2495 aliis
196 2458 249 2497 aliae
259 2460 322 2499 nubes
334 2460 450 2510 nimbeique.
459 2460 547 2512 rigantes

65 2503 152 2558 Insuper,
165 2510 225 2558 utque
236 2511 291 2552 omni
302 2512 363 2563 volgo
376 2512 400 2552 de
412 2515 476 2564 parte,
488 2513 587 2559 teruntnrt
649 2526 651 2529 ·
