<?xml version="1.0" encoding="UTF-8"?>
<!DOCTYPE html PUBLIC "-//W3C//DTD XHTML 1.0 Transitional//EN"
    "http://www.w3.org/TR/xhtml1/DTD/xhtml1-transitional.dtd">
<html xmlns="http://www.w3.org/1999/xhtml" xml:lang="en" lang="en">
 <head>
  <title>
</title>
<meta http-equiv="Content-Type" content="text/html;charset=utf-8" />
  <meta name='ocr-system' content='tesseract 3.04.00' />
  <meta name='ocr-capabilities' content='ocr_page ocr_carea ocr_par ocr_line ocrx_word'/>
</head>
<body>
  <div class='ocr_page' id='page_1' title='image "./MN40048ucmf_3_0576.png"; bbox 0 0 1690 2654; ppageno 0'>
   <div class='ocr_carea' id='block_1_1' title="bbox 98 72 650 144">
    <p class='ocr_par' dir='ltr' id='par_1_1' title="bbox 98 72 650 144">
     <span class='ocr_line' id='line_1_1' title="bbox 98 72 650 144; baseline -0.005 0"><span class='ocrx_word' id='word_1_1' title='bbox 98 98 157 144; x_wconf 61' lang='lat' dir='ltr'><strong>eeu</strong></span> <span class='ocrx_word' id='word_1_2' title='bbox 331 92 603 142; x_wconf 67' lang='lat' dir='ltr'><strong>auuor‘mwuus</strong></span> <span class='ocrx_word' id='word_1_3' title='bbox 646 72 650 80; x_wconf 45' lang='lat'><em>¹</em></span> 
     </span>
    </p>
   </div>
   <div class='ocr_carea' id='block_1_2' title="bbox 75 206 829 570">
    <p class='ocr_par' dir='ltr' id='par_1_2' title="bbox 75 206 829 570">
     <span class='ocr_line' id='line_1_2' title="bbox 109 206 827 257; baseline 0 -10"><span class='ocrx_word' id='word_1_4' title='bbox 109 209 164 257; x_wconf 83' lang='grc' dir='ltr'>ΧΙΗ,</span> <span class='ocrx_word' id='word_1_5' title='bbox 177 208 196 247; x_wconf 89' lang='grc'><strong>8.</strong></span> <span class='ocrx_word' id='word_1_6' title='bbox 207 206 246 245; x_wconf 81' lang='lat' dir='ltr'><strong>hos</strong></span> <span class='ocrx_word' id='word_1_7' title='bbox 257 219 328 246; x_wconf 83' lang='lat' dir='ltr'><strong>versus</strong></span> <span class='ocrx_word' id='word_1_8' title='bbox 336 208 473 246; x_wconf 84' lang='lat' dir='ltr'><strong>Lucretianos</strong></span> <span class='ocrx_word' id='word_1_9' title='bbox 487 207 658 248; x_wconf 77' lang='lat' dir='ltr'><strong>manifestissime</strong></span> <span class='ocrx_word' id='word_1_10' title='bbox 668 220 711 247; x_wconf 87' lang='lat' dir='ltr'><strong>non</strong></span> <span class='ocrx_word' id='word_1_11' title='bbox 722 208 786 248; x_wconf 89' lang='lat' dir='ltr'><strong>modo</strong></span> <span class='ocrx_word' id='word_1_12' title='bbox 794 221 827 247; x_wconf 86' lang='lat' dir='ltr'><strong>re·</strong></span> 
     </span>
     <span class='ocr_line' id='line_1_3' title="bbox 109 258 828 312; baseline 0.003 -13"><span class='ocrx_word' id='word_1_13' title='bbox 109 259 187 312; x_wconf 54' lang='lat' dir='ltr'><strong>spicit.</strong></span> <span class='ocrx_word' id='word_1_14' title='bbox 195 258 232 298; x_wconf 87' lang='lat' dir='ltr'><strong>sed</strong></span> <span class='ocrx_word' id='word_1_15' title='bbox 246 260 367 312; x_wconf 81' lang='lat' dir='ltr'><strong>paraphrasi</strong></span> <span class='ocrx_word' id='word_1_16' title='bbox 383 260 491 298; x_wconf 85' lang='lat' dir='ltr'><strong>luculenta</strong></span> <span class='ocrx_word' id='word_1_17' title='bbox 505 260 621 309; x_wconf 74' lang='lat' dir='ltr'><strong>declarat‚⁴‘</strong></span> <span class='ocrx_word' id='word_1_18' title='bbox 640 260 721 310; x_wconf 86' lang='lat' dir='ltr'><strong>recepit</strong></span> <span class='ocrx_word' id='word_1_19' title='bbox 736 264 828 309; x_wconf 81' lang='lat' dir='ltr'><strong>multum,</strong></span> 
     </span>
     <span class='ocr_line' id='line_1_4' title="bbox 110 311 829 365; baseline 0.001 -15"><span class='ocrx_word' id='word_1_20' title='bbox 110 312 167 365; x_wconf 88' lang='lat' dir='ltr'><strong>quod</strong></span> <span class='ocrx_word' id='word_1_21' title='bbox 176 311 219 350; x_wconf 85' lang='lat' dir='ltr'><strong>iam</strong></span> <span class='ocrx_word' id='word_1_22' title='bbox 224 311 316 364; x_wconf 76' lang='lat' dir='ltr'><strong>Vossius,</strong></span> <span class='ocrx_word' id='word_1_23' title='bbox 327 311 386 350; x_wconf 85' lang='lat' dir='ltr'><strong>haud</strong></span> <span class='ocrx_word' id='word_1_24' title='bbox 395 311 458 350; x_wconf 79' lang='lat' dir='ltr'><strong>dubie</strong></span> <span class='ocrx_word' id='word_1_25' title='bbox 469 324 494 350; x_wconf 83' lang='lat' dir='ltr'><strong>ex</strong></span> <span class='ocrx_word' id='word_1_26' title='bbox 505 312 580 351; x_wconf 88' lang='lat' dir='ltr'><strong>eodem</strong></span> <span class='ocrx_word' id='word_1_27' title='bbox 591 313 651 351; x_wconf 80' lang='lat' dir='ltr'><strong>fonte</strong></span> <span class='ocrx_word' id='word_1_28' title='bbox 661 312 758 363; x_wconf 85' lang='lat' dir='ltr'><strong>petitum,</strong></span> <span class='ocrx_word' id='word_1_29' title='bbox 772 325 829 351; x_wconf 80' lang='lat' dir='ltr'><strong>mar-</strong></span> 
     </span>
     <span class='ocr_line' id='line_1_5' title="bbox 109 363 828 417; baseline 0.004 -16"><span class='ocrx_word' id='word_1_30' title='bbox 109 363 154 417; x_wconf 81' lang='lat' dir='ltr'><strong>gini</strong></span> <span class='ocrx_word' id='word_1_31' title='bbox 168 364 258 415; x_wconf 78' lang='lat' dir='ltr'><strong>exempli</strong></span> <span class='ocrx_word' id='word_1_32' title='bbox 268 364 301 402; x_wconf 90' lang='lat' dir='ltr'><strong>sui</strong></span> <span class='ocrx_word' id='word_1_33' title='bbox 316 364 460 416; x_wconf 82' lang='lat' dir='ltr'><strong>adscripserat.</strong></span> <span class='ocrx_word' id='word_1_34' title='bbox 486 363 704 405; x_wconf 80' lang='lat' dir='ltr'><strong>Nihilominus&#39;Wak.</strong></span> <span class='ocrx_word' id='word_1_35' title='bbox 719 370 740 403; x_wconf 89' lang='lat' dir='ltr'><strong>et</strong></span> <span class='ocrx_word' id='word_1_36' title='bbox 756 365 828 404; x_wconf 87' lang='lat' dir='ltr'><strong>conie-</strong></span> 
     </span>
     <span class='ocr_line' id='line_1_6' title="bbox 110 412 829 469; baseline 0.001 -15"><span class='ocrx_word' id='word_1_37' title='bbox 110 422 194 455; x_wconf 88' lang='lat' dir='ltr'><strong>cturam</strong></span> <span class='ocrx_word' id='word_1_38' title='bbox 204 416 306 466; x_wconf 81' lang='lat' dir='ltr'><strong>proponit</strong></span> <span class='ocrx_word' id='word_1_39' title='bbox 313 431 351 469; x_wconf 83' lang='lat' dir='ltr'><strong>per</strong></span> <span class='ocrx_word' id='word_1_40' title='bbox 360 419 408 464; x_wconf 83' lang='lat' dir='ltr'><strong>vim,</strong></span> <span class='ocrx_word' id='word_1_41' title='bbox 429 428 493 468; x_wconf 88' lang='lat' dir='ltr'><strong>quam</strong></span> <span class='ocrx_word' id='word_1_42' title='bbox 502 423 573 466; x_wconf 82' lang='lat' dir='ltr'><strong>sperat</strong></span> <span class='ocrx_word' id='word_1_43' title='bbox 587 422 709 468; x_wconf 81' lang='lat' dir='ltr'><strong>„pun‘otum</strong></span> <span class='ocrx_word' id='word_1_44' title='bbox 716 412 781 455; x_wconf 70' lang='lat' dir='ltr'><strong>‘omne</strong></span> <span class='ocrx_word' id='word_1_45' title='bbox 791 416 829 455; x_wconf 84' lang='lat' dir='ltr'><strong>do-</strong></span> 
     </span>
     <span class='ocr_line' id='line_1_7' title="bbox 111 467 828 521; baseline 0.001 -14"><span class='ocrx_word' id='word_1_46' title='bbox 111 473 195 507; x_wconf 89' lang='lat' dir='ltr'><strong>ctorum</strong></span> <span class='ocrx_word' id='word_1_47' title='bbox 209 468 302 506; x_wconf 86' lang='lat' dir='ltr'><strong>laturam</strong></span> <span class='ocrx_word' id='word_1_48' title='bbox 319 468 385 506; x_wconf 86' lang='lat' dir='ltr'><strong>esse.“</strong></span> <span class='ocrx_word' id='word_1_49' title='bbox 410 468 454 507; x_wconf 90' lang='lat' dir='ltr'><strong>Nos</strong></span> <span class='ocrx_word' id='word_1_50' title='bbox 471 467 537 507; x_wconf 78' lang='lat' dir='ltr'><strong>codd.</strong></span> <span class='ocrx_word' id='word_1_51' title='bbox 551 469 610 518; x_wconf 86' lang='lat' dir='ltr'><strong>sequi</strong></span> <span class='ocrx_word' id='word_1_52' title='bbox 624 468 752 517; x_wconf 73' lang='lat' dir='ltr'><strong>maluimus,v</strong></span> <span class='ocrx_word' id='word_1_53' title='bbox 764 471 828 521; x_wconf 83' lang='lat' dir='ltr'><strong>quam</strong></span> 
     </span>
     <span class='ocr_line' id='line_1_8' title="bbox 75 519 796 570; baseline 0 -11"><span class='ocrx_word' id='word_1_54' title='bbox 75 565 78 570; x_wconf 64' lang='lat'><strong>.</strong></span> <span class='ocrx_word' id='word_1_55' title='bbox 111 519 198 559; x_wconf 83' lang='lat' dir='ltr'><strong>dubiam</strong></span> <span class='ocrx_word' id='word_1_56' title='bbox 208 519 283 559; x_wconf 85' lang='lat' dir='ltr'><strong>Isidori</strong></span> <span class='ocrx_word' id='word_1_57' title='bbox 292 519 448 570; x_wconf 85' lang='lat' dir='ltr'><strong>auctoritatem,</strong></span> <span class='ocrx_word' id='word_1_58' title='bbox 461 526 498 559; x_wconf 78' lang='lat' dir='ltr'><strong>aut</strong></span> <span class='ocrx_word' id='word_1_59' title='bbox 505 519 630 559; x_wconf 84' lang='lat' dir='ltr'><strong>Wakefieldi</strong></span> <span class='ocrx_word' id='word_1_60' title='bbox 640 520 796 562; x_wconf 83' lang='lat' dir='ltr'><strong>divinationem.</strong></span> 
     </span>
    </p>
   </div>
   <div class='ocr_carea' id='block_1_3' title="bbox 111 578 830 1210">
    <p class='ocr_par' dir='ltr' id='par_1_3' title="bbox 111 578 830 791">
     <span class='ocr_line' id='line_1_9' title="bbox 164 578 829 636; baseline -0.005 -11"><span class='ocrx_word' id='word_1_61' title='bbox 164 585 209 626; x_wconf 85' lang='lat'><strong>133.</strong></span> <span class='ocrx_word' id='word_1_62' title='bbox 237 584 275 635; x_wconf 78' lang='lat' dir='ltr'><strong>Ui]</strong></span> <span class='ocrx_word' id='word_1_63' title='bbox 290 585 320 623; x_wconf 86' lang='lat' dir='ltr'><strong>sic</strong></span> <span class='ocrx_word' id='word_1_64' title='bbox 329 582 389 623; x_wconf 77' lang='lat' dir='ltr'><strong>Wak.</strong></span> <span class='ocrx_word' id='word_1_65' title='bbox 401 582 579 635; x_wconf 69' lang='lat' dir='ltr'><strong>(uictismttohh.)</strong></span> <span class='ocrx_word' id='word_1_66' title='bbox 591 596 640 624; x_wconf 88' lang='lat' dir='ltr'><strong>cum</strong></span> <span class='ocrx_word' id='word_1_67' title='bbox 651 578 748 636; x_wconf 75' lang='lat' dir='ltr'><strong>plurimis</strong></span> <span class='ocrx_word' id='word_1_68' title='bbox 757 583 829 633; x_wconf 84' lang='lat' dir='ltr'><strong>libris;</strong></span> 
     </span>
     <span class='ocr_line' id='line_1_10' title="bbox 111 629 830 687; baseline -0.001 -11"><span class='ocrx_word' id='word_1_69' title='bbox 111 638 174 676; x_wconf 88' lang='lat' dir='ltr'><strong>Poor.</strong></span> <span class='ocrx_word' id='word_1_70' title='bbox 184 636 260 677; x_wconf 68' lang='lat' dir='ltr'><strong>urite.</strong></span> <span class='ocrx_word' id='word_1_71' title='bbox 271 636 324 674; x_wconf 84' lang='lat' dir='ltr'><strong>Brix.</strong></span> <span class='ocrx_word' id='word_1_72' title='bbox 334 635 379 673; x_wconf 76' lang='lat' dir='ltr'><strong>ald.</strong></span> <span class='ocrx_word' id='word_1_73' title='bbox 389 637 408 675; x_wconf 89' lang='lat'><strong>1.</strong></span> <span class='ocrx_word' id='word_1_74' title='bbox 417 638 468 673; x_wconf 85' lang='lat' dir='ltr'><strong>Bon.</strong></span> <span class='ocrx_word' id='word_1_75' title='bbox 477 640 519 683; x_wconf 80' lang='lat' dir='ltr'><strong>Et3</strong></span> <span class='ocrx_word' id='word_1_76' title='bbox 531 629 595 687; x_wconf 74' lang='lat' dir='ltr'><strong>vuigo</strong></span> <span class='ocrx_word' id='word_1_77' title='bbox 602 640 649 683; x_wconf 81' lang='lat' dir='ltr'><strong>Gur,</strong></span> <span class='ocrx_word' id='word_1_78' title='bbox 661 636 721 674; x_wconf 77' lang='lat' dir='ltr'><strong>libris</strong></span> <span class='ocrx_word' id='word_1_79' title='bbox 732 636 830 675; x_wconf 85' lang='lat' dir='ltr'><strong>omnibus</strong></span> 
     </span>
     <span class='ocr_line' id='line_1_11' title="bbox 111 685 830 738; baseline -0.001 -10"><span class='ocrx_word' id='word_1_80' title='bbox 111 687 281 728; x_wconf 80' lang='lat' dir='ltr'><strong>reclamantibus.</strong></span> <span class='ocrx_word' id='word_1_81' title='bbox 294 707 319 717; x_wconf 90' lang='lat'>-</span> <span class='ocrx_word' id='word_1_82' title='bbox 333 685 426 738; x_wconf 69' lang='lat' dir='ltr'><strong>faciam]</strong></span> <span class='ocrx_word' id='word_1_83' title='bbox 440 686 502 727; x_wconf 85' lang='lat' dir='ltr'><strong>Bodl.</strong></span> <span class='ocrx_word' id='word_1_84' title='bbox 512 686 573 727; x_wconf 87' lang='lat' dir='ltr'><strong>Vind.</strong></span> <span class='ocrx_word' id='word_1_85' title='bbox 582 689 643 729; x_wconf 85' lang='lat' dir='ltr'><strong>Poor.</strong></span> <span class='ocrx_word' id='word_1_86' title='bbox 651 687 710 728; x_wconf 83' lang='lat' dir='ltr'><strong>cant.</strong></span> <span class='ocrx_word' id='word_1_87' title='bbox 720 688 773 726; x_wconf 84' lang='lat' dir='ltr'><strong>Brix.</strong></span> <span class='ocrx_word' id='word_1_88' title='bbox 780 689 830 727; x_wconf 78' lang='lat' dir='ltr'><strong>Ver.</strong></span> 
     </span>
     <span class='ocr_line' id='line_1_12' title="bbox 111 739 691 791; baseline -0.005 -11"><span class='ocrx_word' id='word_1_89' title='bbox 111 742 164 782; x_wconf 80' lang='lat' dir='ltr'><strong>Ven.</strong></span> <span class='ocrx_word' id='word_1_90' title='bbox 173 740 218 779; x_wconf 83' lang='lat' dir='ltr'><strong>Ald.</strong></span> <span class='ocrx_word' id='word_1_91' title='bbox 230 742 248 780; x_wconf 88' lang='lat'><strong>1.</strong></span> <span class='ocrx_word' id='word_1_92' title='bbox 262 742 311 778; x_wconf 86' lang='lat' dir='ltr'><strong>Bon.</strong></span> <span class='ocrx_word' id='word_1_93' title='bbox 321 739 414 791; x_wconf 77' lang='lat' dir='ltr'><strong>sariunt·</strong></span> <span class='ocrx_word' id='word_1_94' title='bbox 686 758 691 760; x_wconf 94' lang='lat'>·</span> 
     </span>
    </p>

    <p class='ocr_par' dir='ltr' id='par_1_4' title="bbox 112 789 830 892">
     <span class='ocr_line' id='line_1_13' title="bbox 165 789 830 844; baseline -0.005 -11"><span class='ocrx_word' id='word_1_95' title='bbox 165 794 210 833; x_wconf 82' lang='lat'><strong>137.</strong></span> <span class='ocrx_word' id='word_1_96' title='bbox 235 792 314 843; x_wconf 79' lang='lat' dir='ltr'><strong>imita]</strong></span> <span class='ocrx_word' id='word_1_97' title='bbox 332 792 390 832; x_wconf 84' lang='lat' dir='ltr'><strong>cant.</strong></span> <span class='ocrx_word' id='word_1_98' title='bbox 405 793 480 842; x_wconf 83' lang='lat' dir='ltr'><strong>insita,</strong></span> <span class='ocrx_word' id='word_1_99' title='bbox 503 789 611 830; x_wconf 86' lang='lat' dir='ltr'><strong>mendose.</strong></span> <span class='ocrx_word' id='word_1_100' title='bbox 636 790 708 843; x_wconf 80' lang='lat' dir='ltr'><strong>(cont.</strong></span> <span class='ocrx_word' id='word_1_101' title='bbox 724 803 787 844; x_wconf 86' lang='lat' dir='ltr'><strong>supra</strong></span> <span class='ocrx_word' id='word_1_102' title='bbox 802 791 830 832; x_wconf 81' lang='lat' dir='ltr'><strong>ad</strong></span> 
     </span>
     <span class='ocr_line' id='line_1_14' title="bbox 112 845 222 892; baseline 0.018 -10"><span class='ocrx_word' id='word_1_103' title='bbox 112 845 138 892; x_wconf 83' lang='lat' dir='ltr'><strong>V,</strong></span> <span class='ocrx_word' id='word_1_104' title='bbox 152 845 222 892; x_wconf 82' lang='lat'><strong>1093.)</strong></span> 
     </span>
    </p>

    <p class='ocr_par' dir='ltr' id='par_1_5' title="bbox 111 893 829 1054">
     <span class='ocr_line' id='line_1_15' title="bbox 165 893 829 945; baseline -0.005 -8"><span class='ocrx_word' id='word_1_105' title='bbox 165 897 210 937; x_wconf 81' lang='lat'><strong>138.</strong></span> <span class='ocrx_word' id='word_1_106' title='bbox 237 893 371 945; x_wconf 78' lang='lat' dir='ltr'><strong>Persoindot]</strong></span> <span class='ocrx_word' id='word_1_107' title='bbox 390 894 453 935; x_wconf 69' lang='lat' dir='ltr'><strong>tuat.</strong></span> <span class='ocrx_word' id='word_1_108' title='bbox 466 893 521 934; x_wconf 80' lang='lat' dir='ltr'><strong>coni.</strong></span> <span class='ocrx_word' id='word_1_109' title='bbox 531 896 665 942; x_wconf 82' lang='lat' dir='ltr'><strong>Proseindat‚</strong></span> <span class='ocrx_word' id='word_1_110' title='bbox 676 893 782 933; x_wconf 85' lang='lat' dir='ltr'><strong>Isidorum</strong></span> <span class='ocrx_word' id='word_1_111' title='bbox 794 906 829 934; x_wconf 83' lang='lat' dir='ltr'><strong>se-</strong></span> 
     </span>
     <span class='ocr_line' id='line_1_16' title="bbox 114 945 829 1001; baseline 0.003 -15"><span class='ocrx_word' id='word_1_112' title='bbox 114 954 197 1001; x_wconf 78' lang='lat' dir='ltr'><strong>quutus.</strong></span> <span class='ocrx_word' id='word_1_113' title='bbox 224 947 264 986; x_wconf 86' lang='lat' dir='ltr'><strong>Sed</strong></span> <span class='ocrx_word' id='word_1_114' title='bbox 275 947 321 986; x_wconf 86' lang='lat' dir='ltr'><strong>vide</strong></span> <span class='ocrx_word' id='word_1_115' title='bbox 331 959 394 997; x_wconf 84' lang='lat' dir='ltr'><strong>supra</strong></span> <span class='ocrx_word' id='word_1_116' title='bbox 402 960 421 988; x_wconf 80' lang='lat' dir='ltr'><strong>r.</strong></span> <span class='ocrx_word' id='word_1_117' title='bbox 430 948 476 1001; x_wconf 67' lang='lat'><strong>111,</strong></span> <span class='ocrx_word' id='word_1_118' title='bbox 488 968 514 976; x_wconf 86' lang='lat'>-</span> <span class='ocrx_word' id='word_1_119' title='bbox 525 946 666 1001; x_wconf 77' lang='lat' dir='ltr'><strong>perfringens]</strong></span> <span class='ocrx_word' id='word_1_120' title='bbox 681 945 772 999; x_wconf 60' lang='lat' dir='ltr'><strong>Luget.</strong></span> <span class='ocrx_word' id='word_1_121' title='bbox 781 962 829 1000; x_wconf 84' lang='lat' dir='ltr'><strong>per·</strong></span> 
     </span>
     <span class='ocr_line' id='line_1_17' title="bbox 111 1001 427 1054; baseline -0.003 -15"><span class='ocrx_word' id='word_1_122' title='bbox 111 1002 200 1054; x_wconf 75' lang='lat' dir='ltr'><strong>fingens,</strong></span> <span class='ocrx_word' id='word_1_123' title='bbox 211 1001 272 1040; x_wconf 88' lang='lat' dir='ltr'><strong>Poor.</strong></span> <span class='ocrx_word' id='word_1_124' title='bbox 281 1003 427 1052; x_wconf 76' lang='lat' dir='ltr'><strong>perstringens.</strong></span> 
     </span>
    </p>

    <p class='ocr_par' dir='ltr' id='par_1_6' title="bbox 113 1049 830 1210">
     <span class='ocr_line' id='line_1_18' title="bbox 166 1049 830 1101; baseline -0.005 -9"><span class='ocrx_word' id='word_1_125' title='bbox 166 1049 210 1092; x_wconf 79' lang='lat'><strong>141.</strong></span> <span class='ocrx_word' id='word_1_126' title='bbox 237 1053 328 1091; x_wconf 81' lang='lat' dir='ltr'><strong>Arbusta</strong></span> <span class='ocrx_word' id='word_1_127' title='bbox 338 1051 447 1100; x_wconf 80' lang='lat' dir='ltr'><strong>evolvens]</strong></span> <span class='ocrx_word' id='word_1_128' title='bbox 460 1049 526 1101; x_wconf 84' lang='lat' dir='ltr'><strong>Lugd.</strong></span> <span class='ocrx_word' id='word_1_129' title='bbox 536 1051 555 1090; x_wconf 79' lang='lat'><strong>2.</strong></span> <span class='ocrx_word' id='word_1_130' title='bbox 564 1053 612 1091; x_wconf 88' lang='lat' dir='ltr'><strong>Ver.</strong></span> <span class='ocrx_word' id='word_1_131' title='bbox 621 1051 673 1090; x_wconf 81' lang='lat' dir='ltr'><strong>Ven.</strong></span> <span class='ocrx_word' id='word_1_132' title='bbox 683 1051 776 1091; x_wconf 78' lang='lat' dir='ltr'><strong>Arbusta</strong></span> <span class='ocrx_word' id='word_1_133' title='bbox 786 1052 830 1090; x_wconf 79' lang='lat' dir='ltr'><strong>vol-</strong></span> 
     </span>
     <span class='ocr_line' id='line_1_19' title="bbox 113 1100 830 1155; baseline 0.001 -13"><span class='ocrx_word' id='word_1_134' title='bbox 113 1118 170 1151; x_wconf 78' lang='lat' dir='ltr'><strong>vens,</strong></span> <span class='ocrx_word' id='word_1_135' title='bbox 184 1101 241 1154; x_wconf 89' lang='lat' dir='ltr'><strong>quod</strong></span> <span class='ocrx_word' id='word_1_136' title='bbox 249 1102 311 1143; x_wconf 83' lang='lat' dir='ltr'><strong>Wak.</strong></span> <span class='ocrx_word' id='word_1_137' title='bbox 322 1102 384 1141; x_wconf 88' lang='lat' dir='ltr'><strong>docet</strong></span> <span class='ocrx_word' id='word_1_138' title='bbox 395 1108 465 1140; x_wconf 87' lang='lat' dir='ltr'><strong>ortum</strong></span> <span class='ocrx_word' id='word_1_139' title='bbox 476 1100 520 1140; x_wconf 82' lang='lat' dir='ltr'><strong>esse</strong></span> <span class='ocrx_word' id='word_1_140' title='bbox 532 1115 544 1140; x_wconf 85' lang='lat' dir='ltr'><strong>e</strong></span> <span class='ocrx_word' id='word_1_141' title='bbox 554 1108 664 1141; x_wconf 82' lang='lat' dir='ltr'><strong>contracta</strong></span> <span class='ocrx_word' id='word_1_142' title='bbox 672 1102 776 1155; x_wconf 85' lang='lat' dir='ltr'><strong>scriptura</strong></span> <span class='ocrx_word' id='word_1_143' title='bbox 786 1107 830 1143; x_wconf 82' lang='lat' dir='ltr'><strong>Ar-</strong></span> 
     </span>
     <span class='ocr_line' id='line_1_20' title="bbox 114 1153 821 1210; baseline -0.003 -15"><span class='ocrx_word' id='word_1_144' title='bbox 114 1156 266 1205; x_wconf 65' lang='lat' dir='ltr'><strong>austerorum,</strong></span> <span class='ocrx_word' id='word_1_145' title='bbox 285 1166 338 1206; x_wconf 85' lang='lat' dir='ltr'><strong>quae</strong></span> <span class='ocrx_word' id='word_1_146' title='bbox 354 1160 462 1204; x_wconf 82' lang='lat' dir='ltr'><strong>comparet</strong></span> <span class='ocrx_word' id='word_1_147' title='bbox 474 1153 498 1192; x_wconf 90' lang='lat' dir='ltr'><strong>iu</strong></span> <span class='ocrx_word' id='word_1_148' title='bbox 509 1153 571 1193; x_wconf 84' lang='lat' dir='ltr'><strong>Vind.</strong></span> <span class='ocrx_word' id='word_1_149' title='bbox 583 1159 605 1193; x_wconf 87' lang='lat' dir='ltr'><strong>et</strong></span> <span class='ocrx_word' id='word_1_150' title='bbox 614 1155 675 1195; x_wconf 88' lang='lat' dir='ltr'><strong>Cant.</strong></span> <span class='ocrx_word' id='word_1_151' title='bbox 818 1201 821 1210; x_wconf 29' lang='lat'><em>(</em></span> 
     </span>
    </p>
   </div>
   <div class='ocr_carea' id='block_1_4' title="bbox 114 1217 832 1633">
    <p class='ocr_par' dir='ltr' id='par_1_7' title="bbox 115 1217 830 1376">
     <span class='ocr_line' id='line_1_21' title="bbox 168 1217 829 1272; baseline -0.003 -13"><span class='ocrx_word' id='word_1_152' title='bbox 168 1218 211 1259; x_wconf 84' lang='lat'><strong>143.</strong></span> <span class='ocrx_word' id='word_1_153' title='bbox 238 1222 260 1259; x_wconf 86' lang='lat' dir='ltr'><strong>iu</strong></span> <span class='ocrx_word' id='word_1_154' title='bbox 266 1217 396 1272; x_wconf 73' lang='lat' dir='ltr'><strong>frangundo]</strong></span> <span class='ocrx_word' id='word_1_155' title='bbox 409 1217 505 1258; x_wconf 86' lang='lat' dir='ltr'><strong>itaWak.</strong></span> <span class='ocrx_word' id='word_1_156' title='bbox 517 1217 604 1266; x_wconf 84' lang='lat' dir='ltr'><strong>(Eichst.</strong></span> <span class='ocrx_word' id='word_1_157' title='bbox 613 1219 696 1268; x_wconf 84' lang='lat' dir='ltr'><strong>Nobh.)</strong></span> <span class='ocrx_word' id='word_1_158' title='bbox 708 1231 757 1259; x_wconf 87' lang='lat' dir='ltr'><strong>cum</strong></span> <span class='ocrx_word' id='word_1_159' title='bbox 762 1218 829 1271; x_wconf 82' lang='lat' dir='ltr'><strong>Lugd.</strong></span> 
     </span>
     <span class='ocr_line' id='line_1_22' title="bbox 115 1268 830 1322; baseline 0.004 -12"><span class='ocrx_word' id='word_1_160' title='bbox 115 1272 135 1312; x_wconf 91' lang='grc'><strong>1.</strong></span> <span class='ocrx_word' id='word_1_161' title='bbox 146 1271 165 1311; x_wconf 69' lang='lat'><strong>2.</strong></span> <span class='ocrx_word' id='word_1_162' title='bbox 179 1270 238 1311; x_wconf 86' lang='lat' dir='ltr'><strong>Bodl.</strong></span> <span class='ocrx_word' id='word_1_163' title='bbox 254 1272 315 1310; x_wconf 82' lang='lat' dir='ltr'><strong>Poor&#39;.</strong></span> <span class='ocrx_word' id='word_1_164' title='bbox 326 1271 376 1311; x_wconf 86' lang='lat' dir='ltr'><strong>Brit.</strong></span> <span class='ocrx_word' id='word_1_165' title='bbox 384 1273 404 1311; x_wconf 82' lang='lat'><strong>3.</strong></span> <span class='ocrx_word' id='word_1_166' title='bbox 421 1272 478 1308; x_wconf 81' lang='lat' dir='ltr'><strong>Cant.</strong></span> <span class='ocrx_word' id='word_1_167' title='bbox 489 1270 542 1309; x_wconf 78' lang='lat' dir='ltr'><strong>urix.</strong></span> <span class='ocrx_word' id='word_1_168' title='bbox 559 1268 606 1309; x_wconf 85' lang='lat' dir='ltr'><strong>Ver.</strong></span> <span class='ocrx_word' id='word_1_169' title='bbox 617 1272 669 1309; x_wconf 89' lang='lat' dir='ltr'><strong>Ven.</strong></span> <span class='ocrx_word' id='word_1_170' title='bbox 680 1271 726 1311; x_wconf 74' lang='lat' dir='ltr'><strong>ald.</strong></span> <span class='ocrx_word' id='word_1_171' title='bbox 737 1273 756 1312; x_wconf 90' lang='grc'><strong>1.</strong></span> <span class='ocrx_word' id='word_1_172' title='bbox 766 1274 830 1322; x_wconf 85' lang='lat' dir='ltr'><strong>Bon.;</strong></span> 
     </span>
     <span class='ocr_line' id='line_1_23' title="bbox 115 1321 707 1376; baseline 0 -16"><span class='ocrx_word' id='word_1_173' title='bbox 115 1321 179 1375; x_wconf 81' lang='lat' dir='ltr'><strong>vulgo</strong></span> <span class='ocrx_word' id='word_1_174' title='bbox 189 1321 328 1376; x_wconf 72' lang='lat' dir='ltr'><strong>infringendo,</strong></span> <span class='ocrx_word' id='word_1_175' title='bbox 341 1328 366 1361; x_wconf 90' lang='lat' dir='ltr'><strong>ut</strong></span> <span class='ocrx_word' id='word_1_176' title='bbox 377 1334 389 1360; x_wconf 89' lang='lat' dir='ltr'><strong>e</strong></span> <span class='ocrx_word' id='word_1_177' title='bbox 400 1321 452 1360; x_wconf 82' lang='lat' dir='ltr'><strong>meis</strong></span> <span class='ocrx_word' id='word_1_178' title='bbox 462 1321 522 1360; x_wconf 88' lang='lat' dir='ltr'><strong>libris</strong></span> <span class='ocrx_word' id='word_1_179' title='bbox 531 1325 584 1360; x_wconf 89' lang='lat' dir='ltr'><strong>lunt.</strong></span> <span class='ocrx_word' id='word_1_180' title='bbox 597 1328 619 1359; x_wconf 88' lang='lat' dir='ltr'><strong>et</strong></span> <span class='ocrx_word' id='word_1_181' title='bbox 630 1323 675 1360; x_wconf 73' lang='grc' dir='ltr'><strong>ΑΜ.</strong></span> <span class='ocrx_word' id='word_1_182' title='bbox 686 1324 707 1362; x_wconf 69' lang='lat'><strong>9.</strong></span> 
     </span>
    </p>

    <p class='ocr_par' dir='ltr' id='par_1_8' title="bbox 114 1372 831 1478">
     <span class='ocr_line' id='line_1_24' title="bbox 167 1372 831 1426; baseline -0.002 -11"><span class='ocrx_word' id='word_1_183' title='bbox 167 1372 212 1417; x_wconf 88' lang='grc'><strong>144.</strong></span> <span class='ocrx_word' id='word_1_184' title='bbox 238 1374 307 1425; x_wconf 79' lang='lat' dir='ltr'><strong>aestu]</strong></span> <span class='ocrx_word' id='word_1_185' title='bbox 327 1375 387 1413; x_wconf 86' lang='lat' dir='ltr'><strong>Cant.</strong></span> <span class='ocrx_word' id='word_1_186' title='bbox 404 1385 483 1422; x_wconf 72' lang='lat' dir='ltr'><strong>aestus,</strong></span> <span class='ocrx_word' id='word_1_187' title='bbox 503 1373 560 1425; x_wconf 86' lang='lat' dir='ltr'><strong>quod</strong></span> <span class='ocrx_word' id='word_1_188' title='bbox 574 1374 704 1414; x_wconf 82' lang='lat' dir='ltr'><strong>Wakefieldo</strong></span> <span class='ocrx_word' id='word_1_189' title='bbox 718 1373 831 1426; x_wconf 86' lang='lat' dir='ltr'><strong>„impense</strong></span> 
     </span>
     <span class='ocr_line' id='line_1_25' title="bbox 114 1425 678 1478; baseline 0 -15"><span class='ocrx_word' id='word_1_190' title='bbox 114 1425 209 1478; x_wconf 81' lang='lat' dir='ltr'><strong>placet‚“</strong></span> <span class='ocrx_word' id='word_1_191' title='bbox 226 1427 357 1477; x_wconf 80' lang='lat' dir='ltr'><strong>comparanti</strong></span> <span class='ocrx_word' id='word_1_192' title='bbox 364 1427 442 1466; x_wconf 85' lang='lat' dir='ltr'><strong>Lucan.</strong></span> <span class='ocrx_word' id='word_1_193' title='bbox 455 1426 514 1474; x_wconf 84' lang='lat' dir='ltr'>VIII,</span> <span class='ocrx_word' id='word_1_194' title='bbox 524 1426 570 1467; x_wconf 79' lang='lat'><strong>566.</strong></span> <span class='ocrx_word' id='word_1_195' title='bbox 676 1429 678 1431; x_wconf 82' lang='lat'>&#39;</span> 
     </span>
    </p>

    <p class='ocr_par' dir='ltr' id='par_1_9' title="bbox 115 1477 832 1633">
     <span class='ocr_line' id='line_1_26' title="bbox 168 1477 832 1530; baseline -0.003 -11"><span class='ocrx_word' id='word_1_196' title='bbox 168 1477 213 1520; x_wconf 82' lang='lat'><strong>145.</strong></span> <span class='ocrx_word' id='word_1_197' title='bbox 239 1479 346 1529; x_wconf 83' lang='lat' dir='ltr'><strong>„ineidir]</strong></span> <span class='ocrx_word' id='word_1_198' title='bbox 361 1477 410 1518; x_wconf 89' lang='lat' dir='ltr'><strong>Brit.</strong></span> <span class='ocrx_word' id='word_1_199' title='bbox 421 1479 441 1519; x_wconf 78' lang='lat'><strong>2.</strong></span> <span class='ocrx_word' id='word_1_200' title='bbox 452 1480 544 1525; x_wconf 58' lang='lat' dir='ltr'><strong>incidam</strong></span> <span class='ocrx_word' id='word_1_201' title='bbox 562 1490 606 1516; x_wconf 86' lang='lat' dir='ltr'><strong>non</strong></span> <span class='ocrx_word' id='word_1_202' title='bbox 614 1477 682 1528; x_wconf 83' lang='lat' dir='ltr'><strong>maie,</strong></span> <span class='ocrx_word' id='word_1_203' title='bbox 695 1477 712 1514; x_wconf 92' lang='lat' dir='ltr'><strong>si</strong></span> <span class='ocrx_word' id='word_1_204' title='bbox 723 1477 781 1530; x_wconf 84' lang='lat' dir='ltr'><strong>legas</strong></span> <span class='ocrx_word' id='word_1_205' title='bbox 793 1480 832 1525; x_wconf 84' lang='lat' dir='ltr'><strong>uti,</strong></span> 
     </span>
     <span class='ocr_line' id='line_1_27' title="bbox 115 1528 831 1582; baseline -0.001 -14"><span class='ocrx_word' id='word_1_206' title='bbox 115 1529 161 1568; x_wconf 84' lang='lat' dir='ltr'><strong>vioe</strong></span> <span class='ocrx_word' id='word_1_207' title='bbox 172 1532 214 1581; x_wconf 80' lang='lat' dir='ltr'><strong>ubi,</strong></span> <span class='ocrx_word' id='word_1_208' title='bbox 220 1537 244 1568; x_wconf 90' lang='lat' dir='ltr'><strong>ut</strong></span> <span class='ocrx_word' id='word_1_209' title='bbox 254 1529 314 1571; x_wconf 84' lang='lat' dir='ltr'><strong>editt.</strong></span> <span class='ocrx_word' id='word_1_210' title='bbox 324 1530 428 1582; x_wconf 84' lang='lat' dir='ltr'>quaedam</span> <span class='ocrx_word' id='word_1_211' title='bbox 441 1531 471 1581; x_wconf 78' lang='lat' dir='ltr'><strong>[v.</strong></span> <span class='ocrx_word' id='word_1_212' title='bbox 481 1543 500 1571; x_wconf 88' lang='lat' dir='ltr'><strong>c.</strong></span> <span class='ocrx_word' id='word_1_213' title='bbox 511 1529 591 1569; x_wconf 87' lang='lat' dir='ltr'><strong>Gifanii</strong></span> <span class='ocrx_word' id='word_1_214' title='bbox 600 1536 622 1568; x_wconf 87' lang='lat' dir='ltr'><strong>et</strong></span> <span class='ocrx_word' id='word_1_215' title='bbox 632 1528 743 1580; x_wconf 82' lang='lat' dir='ltr'><strong>Paraei].“</strong></span> <span class='ocrx_word' id='word_1_216' title='bbox 760 1532 792 1571; x_wconf 88' lang='lat' dir='ltr'><em>W</em></span> <span class='ocrx_word' id='word_1_217' title='bbox 793 1544 807 1569; x_wconf 88' lang='lat' dir='ltr'><strong>a</strong></span> <span class='ocrx_word' id='word_1_218' title='bbox 812 1532 831 1569; x_wconf 77' lang='lat' dir='ltr'><strong>k.</strong></span> 
     </span>
     <span class='ocr_line' id='line_1_28' title="bbox 115 1582 545 1633; baseline -0.007 -13"><span class='ocrx_word' id='word_1_219' title='bbox 115 1582 173 1621; x_wconf 85' lang='lat' dir='ltr'><strong>Nihil</strong></span> <span class='ocrx_word' id='word_1_220' title='bbox 181 1589 253 1621; x_wconf 86' lang='lat' dir='ltr'><strong>tamen</strong></span> <span class='ocrx_word' id='word_1_221' title='bbox 262 1583 386 1621; x_wconf 87' lang='lat' dir='ltr'><strong>mutandum</strong></span> <span class='ocrx_word' id='word_1_222' title='bbox 403 1594 447 1622; x_wconf 87' lang='lat' dir='ltr'><strong>esse</strong></span> <span class='ocrx_word' id='word_1_223' title='bbox 455 1587 520 1633; x_wconf 85' lang='lat' dir='ltr'><strong>patet.</strong></span> <span class='ocrx_word' id='word_1_224' title='bbox 542 1613 545 1617; x_wconf 80' lang='grc'>,</span> 
     </span>
    </p>
   </div>
   <div class='ocr_carea' id='block_1_5' title="bbox 117 1643 834 1907">
    <p class='ocr_par' dir='ltr' id='par_1_10' title="bbox 117 1643 834 1907">
     <span class='ocr_line' id='line_1_29' title="bbox 169 1643 833 1699; baseline -0.005 -14"><span class='ocrx_word' id='word_1_225' title='bbox 169 1644 214 1687; x_wconf 91' lang='grc'><strong>147.</strong></span> <span class='ocrx_word' id='word_1_226' title='bbox 227 1646 330 1699; x_wconf 81' lang='lat' dir='ltr'><strong>Vulgares</strong></span> <span class='ocrx_word' id='word_1_227' title='bbox 341 1646 400 1685; x_wconf 81' lang='lat' dir='ltr'><strong>editt.</strong></span> <span class='ocrx_word' id='word_1_228' title='bbox 409 1652 457 1685; x_wconf 87' lang='lat' dir='ltr'><strong>aute</strong></span> <span class='ocrx_word' id='word_1_229' title='bbox 467 1661 542 1698; x_wconf 82' lang='lat' dir='ltr'><strong>magno</strong></span> <span class='ocrx_word' id='word_1_230' title='bbox 551 1645 647 1685; x_wconf 87' lang='lat' dir='ltr'><strong>inserunt</strong></span> <span class='ocrx_word' id='word_1_231' title='bbox 657 1657 688 1698; x_wconf 82' lang='lat' dir='ltr'><strong>ut,</strong></span> <span class='ocrx_word' id='word_1_232' title='bbox 702 1643 833 1697; x_wconf 65' lang='lat' dir='ltr'><strong>queritat„</strong></span> 
     </span>
     <span class='ocr_line' id='line_1_30' title="bbox 117 1697 833 1750; baseline -0.003 -13"><span class='ocrx_word' id='word_1_233' title='bbox 117 1709 220 1737; x_wconf 83' lang='lat' dir='ltr'><strong>consensu</strong></span> <span class='ocrx_word' id='word_1_234' title='bbox 234 1697 338 1737; x_wconf 82' lang='lat' dir='ltr'><strong>librorum</strong></span> <span class='ocrx_word' id='word_1_235' title='bbox 354 1698 449 1737; x_wconf 86' lang='lat' dir='ltr'><strong>omnium</strong></span> <span class='ocrx_word' id='word_1_236' title='bbox 461 1698 572 1749; x_wconf 80' lang='lat' dir='ltr'><strong>suadente,</strong></span> <span class='ocrx_word' id='word_1_237' title='bbox 585 1698 665 1750; x_wconf 89' lang='lat' dir='ltr'><strong>primus</strong></span> <span class='ocrx_word' id='word_1_238' title='bbox 681 1697 762 1745; x_wconf 86' lang='lat' dir='ltr'><strong>omisit,</strong></span> <span class='ocrx_word' id='word_1_239' title='bbox 774 1703 833 1735; x_wconf 85' lang='lat' dir='ltr'><strong>recte</strong></span> 
     </span>
     <span class='ocr_line' id='line_1_31' title="bbox 117 1748 834 1799; baseline -0.001 -12"><span class='ocrx_word' id='word_1_240' title='bbox 117 1749 180 1788; x_wconf 88' lang='lat' dir='ltr'><strong>simul</strong></span> <span class='ocrx_word' id='word_1_241' title='bbox 188 1749 300 1788; x_wconf 86' lang='lat' dir='ltr'><strong>restituens</strong></span> <span class='ocrx_word' id='word_1_242' title='bbox 308 1750 445 1790; x_wconf 85' lang='lat' dir='ltr'><strong>indicativum</strong></span> <span class='ocrx_word' id='word_1_243' title='bbox 456 1753 557 1799; x_wconf 79' lang='lat' dir='ltr'><strong>trucidat,</strong></span> <span class='ocrx_word' id='word_1_244' title='bbox 571 1752 598 1789; x_wconf 88' lang='lat' dir='ltr'><strong>ob</strong></span> <span class='ocrx_word' id='word_1_245' title='bbox 612 1750 783 1788; x_wconf 87' lang='lat' dir='ltr'><strong>coniunctionem</strong></span> <span class='ocrx_word' id='word_1_246' title='bbox 793 1748 834 1787; x_wconf 83' lang='lat' dir='ltr'><strong>ad-</strong></span> 
     </span>
     <span class='ocr_line' id='line_1_32' title="bbox 117 1798 833 1853; baseline 0 -14"><span class='ocrx_word' id='word_1_247' title='bbox 117 1800 184 1840; x_wconf 85' lang='lat' dir='ltr'><strong>ditam</strong></span> <span class='ocrx_word' id='word_1_248' title='bbox 198 1801 220 1840; x_wconf 87' lang='lat' dir='ltr'><strong>in</strong></span> <span class='ocrx_word' id='word_1_249' title='bbox 237 1798 325 1842; x_wconf 77' lang='lat' dir='ltr'><strong>truoidet</strong></span> <span class='ocrx_word' id='word_1_250' title='bbox 337 1809 449 1842; x_wconf 84' lang='lat' dir='ltr'><strong>mutatum.</strong></span> <span class='ocrx_word' id='word_1_251' title='bbox 476 1805 555 1841; x_wconf 87' lang='lat' dir='ltr'><strong>Tamen</strong></span> <span class='ocrx_word' id='word_1_252' title='bbox 569 1802 637 1852; x_wconf 81' lang='lat' dir='ltr'><strong>„haec</strong></span> <span class='ocrx_word' id='word_1_253' title='bbox 650 1802 770 1853; x_wconf 87' lang='lat' dir='ltr'><strong>turpissima</strong></span> <span class='ocrx_word' id='word_1_254' title='bbox 783 1813 833 1853; x_wconf 84' lang='lat' dir='ltr'><strong>pec·</strong></span> 
     </span>
     <span class='ocr_line' id='line_1_33' title="bbox 117 1853 756 1907; baseline -0.002 -14"><span class='ocrx_word' id='word_1_255' title='bbox 117 1860 172 1905; x_wconf 85' lang='lat' dir='ltr'><strong>cata,</strong></span> <span class='ocrx_word' id='word_1_256' title='bbox 185 1853 254 1907; x_wconf 79' lang='lat' dir='ltr'><strong>inquit</strong></span> <span class='ocrx_word' id='word_1_257' title='bbox 264 1854 325 1897; x_wconf 85' lang='lat' dir='ltr'><strong>Wak.</strong></span> <span class='ocrx_word' id='word_1_258' title='bbox 336 1855 460 1907; x_wconf 84' lang='lat' dir='ltr'><strong>propagavit</strong></span> <span class='ocrx_word' id='word_1_259' title='bbox 469 1855 530 1896; x_wconf 82' lang='lat' dir='ltr'><strong>vind.</strong></span> <span class='ocrx_word' id='word_1_260' title='bbox 541 1854 627 1893; x_wconf 86' lang='lat' dir='ltr'><strong>editoris</strong></span> <span class='ocrx_word' id='word_1_261' title='bbox 637 1854 756 1893; x_wconf 81' lang='lat' dir='ltr'><strong>socordia.“</strong></span> 
     </span>
    </p>
   </div>
   <div class='ocr_carea' id='block_1_6' title="bbox 117 1916 835 2584">
    <p class='ocr_par' dir='ltr' id='par_1_11' title="bbox 117 1916 835 2544">
     <span class='ocr_line' id='line_1_34' title="bbox 170 1916 833 1973; baseline -0.003 -14"><span class='ocrx_word' id='word_1_262' title='bbox 170 1918 216 1959; x_wconf 81' lang='grc'><strong>149.</strong></span> <span class='ocrx_word' id='word_1_263' title='bbox 240 1920 334 1973; x_wconf 67' lang='lat' dir='ltr'><strong>propter]</strong></span> <span class='ocrx_word' id='word_1_264' title='bbox 354 1919 384 1959; x_wconf 85' lang='lat' dir='ltr'><strong>sic</strong></span> <span class='ocrx_word' id='word_1_265' title='bbox 396 1920 457 1961; x_wconf 85' lang='lat' dir='ltr'><strong>Wak.</strong></span> <span class='ocrx_word' id='word_1_266' title='bbox 474 1919 562 1971; x_wconf 81' lang='lat' dir='ltr'><strong>(Eichst.</strong></span> <span class='ocrx_word' id='word_1_267' title='bbox 577 1918 657 1970; x_wconf 83' lang='lat' dir='ltr'><strong>Nobb.)</strong></span> <span class='ocrx_word' id='word_1_268' title='bbox 673 1931 722 1958; x_wconf 88' lang='lat' dir='ltr'><strong>oum</strong></span> <span class='ocrx_word' id='word_1_269' title='bbox 736 1916 833 1957; x_wconf 79' lang='lat' dir='ltr'><strong>omuibus</strong></span> 
     </span>
     <span class='ocr_line' id='line_1_35' title="bbox 117 1969 834 2025; baseline -0.003 -16"><span class='ocrx_word' id='word_1_270' title='bbox 117 1971 164 2010; x_wconf 82' lang='lat' dir='ltr'><strong>fere</strong></span> <span class='ocrx_word' id='word_1_271' title='bbox 179 1970 252 2019; x_wconf 74' lang='lat' dir='ltr'><strong>libris;</strong></span> <span class='ocrx_word' id='word_1_272' title='bbox 271 1971 332 2014; x_wconf 85' lang='lat' dir='ltr'><strong>Vind.</strong></span> <span class='ocrx_word' id='word_1_273' title='bbox 349 1972 385 2022; x_wconf 74' lang='lat'><strong>(2)</strong></span> <span class='ocrx_word' id='word_1_274' title='bbox 401 1972 447 2013; x_wconf 82' lang='lat' dir='ltr'><strong>Ald.</strong></span> <span class='ocrx_word' id='word_1_275' title='bbox 459 1974 477 2012; x_wconf 90' lang='lat'><strong>1.</strong></span> <span class='ocrx_word' id='word_1_276' title='bbox 491 1974 511 2014; x_wconf 74' lang='lat'><strong>2.</strong></span> <span class='ocrx_word' id='word_1_277' title='bbox 527 1974 577 2010; x_wconf 88' lang='lat' dir='ltr'><strong>Bon.</strong></span> <span class='ocrx_word' id='word_1_278' title='bbox 590 1973 646 2010; x_wconf 87' lang='lat' dir='ltr'><strong>Iunt.</strong></span> <span class='ocrx_word' id='word_1_279' title='bbox 658 1987 756 2025; x_wconf 82' lang='lat' dir='ltr'><strong>propere,</strong></span> <span class='ocrx_word' id='word_1_280' title='bbox 777 1969 834 2021; x_wconf 85' lang='lat' dir='ltr'><strong>quod</strong></span> 
     </span>
     <span class='ocr_line' id='line_1_36' title="bbox 118 2023 834 2076; baseline 0.001 -15"><span class='ocrx_word' id='word_1_281' title='bbox 118 2023 174 2075; x_wconf 83' lang='lat' dir='ltr'>vulg.</span> <span class='ocrx_word' id='word_1_282' title='bbox 182 2024 240 2062; x_wconf 87' lang='lat' dir='ltr'><strong>editt.</strong></span> <span class='ocrx_word' id='word_1_283' title='bbox 252 2030 402 2076; x_wconf 74' lang='lat' dir='ltr'><strong>propagarunt.</strong></span> <span class='ocrx_word' id='word_1_284' title='bbox 415 2046 442 2053; x_wconf 90' lang='lat'><strong>—</strong></span> <span class='ocrx_word' id='word_1_285' title='bbox 455 2024 594 2074; x_wconf 79' lang='lat' dir='ltr'><strong>demersimus]</strong></span> <span class='ocrx_word' id='word_1_286' title='bbox 609 2023 683 2064; x_wconf 69' lang='lat' dir='ltr'><strong>ttrite.</strong></span> <span class='ocrx_word' id='word_1_287' title='bbox 695 2026 834 2070; x_wconf 67' lang='lat' dir='ltr'><strong>demeremur,</strong></span> 
     </span>
     <span class='ocr_line' id='line_1_37' title="bbox 118 2074 834 2127; baseline -0.003 -13"><span class='ocrx_word' id='word_1_288' title='bbox 118 2087 183 2125; x_wconf 86' lang='lat' dir='ltr'><strong>quare</strong></span> <span class='ocrx_word' id='word_1_289' title='bbox 192 2075 252 2115; x_wconf 85' lang='lat' dir='ltr'><strong>Wak.</strong></span> <span class='ocrx_word' id='word_1_290' title='bbox 263 2076 317 2115; x_wconf 79' lang='lat' dir='ltr'><strong>coni.</strong></span> <span class='ocrx_word' id='word_1_291' title='bbox 327 2079 460 2126; x_wconf 73' lang='lat' dir='ltr'><strong>demetriam,</strong></span> <span class='ocrx_word' id='word_1_292' title='bbox 473 2083 558 2127; x_wconf 84' lang='lat' dir='ltr'><strong>praeter</strong></span> <span class='ocrx_word' id='word_1_293' title='bbox 571 2074 723 2116; x_wconf 87' lang='lat' dir='ltr'><strong>necessitatem.</strong></span> <span class='ocrx_word' id='word_1_294' title='bbox 746 2077 834 2113; x_wconf 87' lang='lat' dir='ltr'><strong>Sensum</strong></span> 
     </span>
     <span class='ocr_line' id='line_1_38' title="bbox 117 2125 835 2180; baseline -0.004 -14"><span class='ocrx_word' id='word_1_295' title='bbox 117 2129 166 2166; x_wconf 85' lang='lat' dir='ltr'><strong>Exe.</strong></span> <span class='ocrx_word' id='word_1_296' title='bbox 176 2128 270 2166; x_wconf 83' lang='lat' dir='ltr'><strong>Nobhius</strong></span> <span class='ocrx_word' id='word_1_297' title='bbox 281 2127 311 2167; x_wconf 86' lang='lat' dir='ltr'><strong>sio</strong></span> <span class='ocrx_word' id='word_1_298' title='bbox 323 2127 427 2180; x_wconf 82' lang='lat' dir='ltr'><strong>exposuit:</strong></span> <span class='ocrx_word' id='word_1_299' title='bbox 440 2129 480 2177; x_wconf 84' lang='lat' dir='ltr'><strong>„Si</strong></span> <span class='ocrx_word' id='word_1_300' title='bbox 490 2128 572 2167; x_wconf 87' lang='lat' dir='ltr'><strong>ferrum</strong></span> <span class='ocrx_word' id='word_1_301' title='bbox 582 2128 679 2178; x_wconf 84' lang='lat' dir='ltr'><strong>caudens,</strong></span> <span class='ocrx_word' id='word_1_302' title='bbox 693 2125 752 2166; x_wconf 87' lang='lat' dir='ltr'><strong>nullo</strong></span> <span class='ocrx_word' id='word_1_303' title='bbox 763 2125 790 2165; x_wconf 84' lang='lat' dir='ltr'><strong>ad</strong></span> <span class='ocrx_word' id='word_1_304' title='bbox 801 2138 835 2164; x_wconf 88' lang='lat' dir='ltr'><strong>re·</strong></span> 
     </span>
     <span class='ocr_line' id='line_1_39' title="bbox 118 2178 835 2233; baseline -0.003 -15"><span class='ocrx_word' id='word_1_305' title='bbox 118 2178 228 2231; x_wconf 75' lang='lat' dir='ltr'><strong>frigerium</strong></span> <span class='ocrx_word' id='word_1_306' title='bbox 237 2186 333 2231; x_wconf 83' lang='lat' dir='ltr'><strong>tempore</strong></span> <span class='ocrx_word' id='word_1_307' title='bbox 343 2192 451 2230; x_wconf 84' lang='lat' dir='ltr'><strong>concesso,</strong></span> <span class='ocrx_word' id='word_1_308' title='bbox 464 2180 573 2232; x_wconf 76' lang='lat' dir='ltr'><strong>inaquam</strong></span> <span class='ocrx_word' id='word_1_309' title='bbox 578 2179 676 2233; x_wconf 54' lang='lat' dir='ltr'><strong>‘gelidam</strong></span> <span class='ocrx_word' id='word_1_310' title='bbox 686 2179 743 2217; x_wconf 81' lang='lat' dir='ltr'><strong>iuxta</strong></span> <span class='ocrx_word' id='word_1_311' title='bbox 753 2178 835 2217; x_wconf 86' lang='lat' dir='ltr'><strong>demer-</strong></span> 
     </span>
     <span class='ocr_line' id='line_1_40' title="bbox 119 2230 835 2284; baseline -0.004 -14"><span class='ocrx_word' id='word_1_312' title='bbox 119 2230 194 2282; x_wconf 79' lang='lat' dir='ltr'><strong>simus,</strong></span> <span class='ocrx_word' id='word_1_313' title='bbox 207 2231 250 2271; x_wconf 84' lang='lat' dir='ltr'><strong>sive</strong></span> <span class='ocrx_word' id='word_1_314' title='bbox 261 2231 380 2284; x_wconf 84' lang='lat' dir='ltr'><strong>inaquam,</strong></span> <span class='ocrx_word' id='word_1_315' title='bbox 395 2245 448 2284; x_wconf 84' lang='lat' dir='ltr'><strong>quae</strong></span> <span class='ocrx_word' id='word_1_316' title='bbox 458 2233 485 2271; x_wconf 84' lang='lat' dir='ltr'><strong>ad</strong></span> <span class='ocrx_word' id='word_1_317' title='bbox 495 2244 582 2271; x_wconf 85' lang='lat' dir='ltr'><strong>manum</strong></span> <span class='ocrx_word' id='word_1_318' title='bbox 592 2237 634 2283; x_wconf 84' lang='lat' dir='ltr'><strong>est,</strong></span> <span class='ocrx_word' id='word_1_319' title='bbox 648 2231 739 2284; x_wconf 83' lang='lat' dir='ltr'><strong>gelidam</strong></span> <span class='ocrx_word' id='word_1_320' title='bbox 750 2230 835 2269; x_wconf 87' lang='lat' dir='ltr'><strong>demer-</strong></span> 
     </span>
     <span class='ocr_line' id='line_1_41' title="bbox 119 2282 834 2339; baseline -0.006 -16"><span class='ocrx_word' id='word_1_321' title='bbox 119 2283 189 2323; x_wconf 87' lang='lat' dir='ltr'><strong>simus.</strong></span> <span class='ocrx_word' id='word_1_322' title='bbox 207 2283 296 2323; x_wconf 85' lang='lat' dir='ltr'><strong>Perinde</strong></span> <span class='ocrx_word' id='word_1_323' title='bbox 307 2291 339 2323; x_wconf 83' lang='lat' dir='ltr'><strong>est</strong></span> <span class='ocrx_word' id='word_1_324' title='bbox 349 2285 412 2330; x_wconf 86' lang='lat' dir='ltr'><strong>enim,</strong></span> <span class='ocrx_word' id='word_1_325' title='bbox 425 2291 497 2323; x_wconf 84' lang='lat' dir='ltr'><strong>utrum</strong></span> <span class='ocrx_word' id='word_1_326' title='bbox 508 2284 630 2324; x_wconf 82' lang='lat' dir='ltr'><strong>adverbium</strong></span> <span class='ocrx_word' id='word_1_327' title='bbox 638 2294 721 2339; x_wconf 79' lang='lat' dir='ltr'><strong>propter</strong></span> <span class='ocrx_word' id='word_1_328' title='bbox 731 2295 781 2321; x_wconf 86' lang='lat' dir='ltr'><strong>oum</strong></span> <span class='ocrx_word' id='word_1_329' title='bbox 789 2282 834 2333; x_wconf 88' lang='lat' dir='ltr'><strong>ipso</strong></span> 
     </span>
     <span class='ocr_line' id='line_1_42' title="bbox 119 2336 835 2390; baseline -0.003 -15"><span class='ocrx_word' id='word_1_330' title='bbox 119 2336 185 2375; x_wconf 82' lang='lat' dir='ltr'><strong>verbo</strong></span> <span class='ocrx_word' id='word_1_331' title='bbox 196 2338 334 2386; x_wconf 71' lang='lat' dir='ltr'><strong>demersimus,</strong></span> <span class='ocrx_word' id='word_1_332' title='bbox 347 2349 374 2376; x_wconf 83' lang='lat' dir='ltr'><strong>an</strong></span> <span class='ocrx_word' id='word_1_333' title='bbox 386 2349 435 2376; x_wconf 85' lang='lat' dir='ltr'><strong>cum</strong></span> <span class='ocrx_word' id='word_1_334' title='bbox 444 2336 563 2376; x_wconf 87' lang='lat' dir='ltr'><strong>nominihus</strong></span> <span class='ocrx_word' id='word_1_335' title='bbox 572 2341 594 2377; x_wconf 82' lang='lat' dir='ltr'><strong>i&#39;n</strong></span> <span class='ocrx_word' id='word_1_336' title='bbox 604 2338 693 2389; x_wconf 76' lang='lat' dir='ltr'><strong>gelidum</strong></span> <span class='ocrx_word' id='word_1_337' title='bbox 699 2346 784 2390; x_wconf 79' lang='lat' dir='ltr'><strong>propter</strong></span> <span class='ocrx_word' id='word_1_338' title='bbox 794 2338 835 2374; x_wconf 86' lang='lat' dir='ltr'><strong>im-</strong></span> 
     </span>
     <span class='ocr_line' id='line_1_43' title="bbox 120 2385 835 2440; baseline -0.003 -11"><span class='ocrx_word' id='word_1_339' title='bbox 120 2389 174 2430; x_wconf 73' lang='lat' dir='ltr'><strong>brem</strong></span> <span class='ocrx_word' id='word_1_340' title='bbox 186 2387 341 2427; x_wconf 79' lang='lat' dir='ltr'><strong>coniunxeris.“</strong></span> <span class='ocrx_word' id='word_1_341' title='bbox 353 2411 379 2419; x_wconf 90' lang='lat'>-</span> <span class='ocrx_word' id='word_1_342' title='bbox 391 2390 473 2430; x_wconf 83' lang='lat' dir='ltr'><strong>imbrem</strong></span> <span class='ocrx_word' id='word_1_343' title='bbox 486 2389 512 2427; x_wconf 86' lang='lat' dir='ltr'><strong>de</strong></span> <span class='ocrx_word' id='word_1_344' title='bbox 522 2388 711 2440; x_wconf 86' lang='lat' dir='ltr'><strong>quolibethumore</strong></span> <span class='ocrx_word' id='word_1_345' title='bbox 720 2385 835 2434; x_wconf 64' lang='lat' dir='ltr'><strong>dietwak.</strong></span> 
     </span>
     <span class='ocr_line' id='line_1_44' title="bbox 120 2437 834 2493; baseline 0 -14"><span class='ocrx_word' id='word_1_346' title='bbox 120 2441 228 2487; x_wconf 83' lang='lat' dir='ltr'><strong>observat,</strong></span> <span class='ocrx_word' id='word_1_347' title='bbox 241 2440 327 2480; x_wconf 86' lang='lat' dir='ltr'><strong>laudans</strong></span> <span class='ocrx_word' id='word_1_348' title='bbox 334 2442 392 2493; x_wconf 80' lang='lat' dir='ltr'><strong>virg.</strong></span> <span class='ocrx_word' id='word_1_349' title='bbox 402 2445 451 2482; x_wconf 85' lang='lat' dir='ltr'><strong>Aen.</strong></span> <span class='ocrx_word' id='word_1_350' title='bbox 463 2444 479 2490; x_wconf 84' lang='grc' dir='ltr'><strong>Ι,</strong></span> <span class='ocrx_word' id='word_1_351' title='bbox 490 2442 535 2482; x_wconf 73' lang='grc'><strong>123.</strong></span> <span class='ocrx_word' id='word_1_352' title='bbox 550 2440 621 2493; x_wconf 83' lang='lat' dir='ltr'><strong>ibique</strong></span> <span class='ocrx_word' id='word_1_353' title='bbox 631 2440 731 2481; x_wconf 84' lang='lat' dir='ltr'><strong>Servium.</strong></span> <span class='ocrx_word' id='word_1_354' title='bbox 760 2437 834 2488; x_wconf 83' lang='lat' dir='ltr'><strong>(Gonf.</strong></span> 
     </span>
     <span class='ocr_line' id='line_1_45' title="bbox 121 2490 834 2544; baseline -0.001 -14"><span class='ocrx_word' id='word_1_355' title='bbox 121 2499 200 2534; x_wconf 82' lang='lat' dir='ltr'><strong>annott.</strong></span> <span class='ocrx_word' id='word_1_356' title='bbox 211 2493 238 2532; x_wconf 85' lang='lat' dir='ltr'><strong>ad</strong></span> <span class='ocrx_word' id='word_1_357' title='bbox 248 2494 330 2544; x_wconf 82' lang='lat'><strong>1,771.‚</strong></span> <span class='ocrx_word' id='word_1_358' title='bbox 343 2493 380 2533; x_wconf 86' lang='lat' dir='ltr'><strong>uhi</strong></span> <span class='ocrx_word' id='word_1_359' title='bbox 388 2509 453 2536; x_wconf 82' lang='lat' dir='ltr'><strong>rorem</strong></span> <span class='ocrx_word' id='word_1_360' title='bbox 464 2493 540 2533; x_wconf 88' lang='lat' dir='ltr'><strong>eodem</strong></span> <span class='ocrx_word' id='word_1_361' title='bbox 549 2492 613 2532; x_wconf 88' lang='lat' dir='ltr'><strong>modo</strong></span> <span class='ocrx_word' id='word_1_362' title='bbox 624 2491 719 2532; x_wconf 76' lang='lat' dir='ltr'><strong>adhiberi</strong></span> <span class='ocrx_word' id='word_1_363' title='bbox 728 2490 834 2540; x_wconf 85' lang='lat' dir='ltr'><strong>vidimus.)</strong></span> 
     </span>
    </p>

    <p class='ocr_par' dir='ltr' id='par_1_12' title="bbox 809 2563 817 2584">
     <span class='ocr_line' id='line_1_46' title="bbox 809 2563 817 2584; baseline 0 0"><span class='ocrx_word' id='word_1_364' title='bbox 809 2563 817 2584; x_wconf 72' lang='lat' dir='ltr'><em>l</em></span> 
     </span>
    </p>
   </div>
   <div class='ocr_carea' id='block_1_7' title="bbox 0 0 862 2654">
    <p class='ocr_par' dir='ltr' id='par_1_13' title="bbox 0 0 862 2654">
     <span class='ocr_line' id='line_1_47' title="bbox 0 0 862 2654; baseline 0 0"><span class='ocrx_word' id='word_1_365' title='bbox 0 0 862 2654; x_wconf 95' lang='lat' dir='ltr'><strong> </strong></span> 
     </span>
    </p>
   </div>
  </div>
 </body>
</html>
