1690 2654
48 111 96 160 233
248 92 539 164 annornriouus
590 114 592 117 ⁴
615 129 618 131 ·

48 239 98 272 sam,
113 220 168 272 quod
177 219 238 260 Wak.
250 222 338 273 recepit,
352 222 476 262 difficillime
487 223 517 263 sic
529 223 668 276 explicatum:
677 221 705 263 *ut
716 236 770 265 cau-t

47 288 91 312 sam
103 273 136 310 vel
145 278 282 321 praetextum.

98 326 121 361 V.
132 325 164 364 52.
191 325 314 373 NoniustV,
329 327 375 366 291.
401 326 432 365 sic
448 326 532 365 laudat:
551 331 580 366 Er
591 330 663 379 nigras
671 338 764 367 mactent

45 377 131 428 pecudes
139 388 160 414 et
171 378 252 429 ignibus
263 382 323 424 Divi,
335 378 384 416 loco
396 378 453 416 haud
465 378 528 417 dubie
540 386 646 428 corrupto.
672 383 696 418 In
704 379 763 420 Bodl.

46 426 106 466 Vind.
118 429 178 465 Poor.
190 429 238 466 Brit.
251 431 269 468 1.
283 435 304 466 et
313 428 365 467 Brit.
376 431 424 469 Ver.
433 434 485 481 Ven.
499 429 577 482 legitur
589 432 720 482 manibusque
731 433 764 473 di1,

45 482 116 532 visque
126 480 156 527 *),
169 479 192 516 in
204 480 270 532 Lugd.
281 482 300 521 1.
313 484 405 522 manibus
415 484 469 522 divis
480 482 524 521 sine
537 493 569 528 et,·
583 481 649 521 ceteri
658 481 707 521 libri
718 481 763 521 vul-

45 538 117 582 gatam
128 532 273 582 comprobant.
762 575 765 577 ,

99 583 132 622 55,
145 584 252 634 hominem]
267 583 310 632 „sic
321 584 591 636 soliLugd.1.2.etfragm.
599 584 673 633 Vind.;
686 583 763 635 reliqui

44 636 143 685 eomjnee
169 637 248 686 Nempe
260 636 353 674 adhaesit
365 652 375 675 a
386 648 410 673 ex
420 636 523 674 vocabulo
538 635 762 687 sequente'scripturae
778 673 780 685 ,

45 685 153 725 breviatae
164 689 264 727 hemine.⁴‘
286 691 318 727 W
320 690 358 727 ale.
381 712 383 714 ·
538 713 540 717 ⁴

97 739 129 778 56.
157 740 206 791 quid
216 742 259 783 sir]
272 739 300 775 ita
309 738 340 776 Pii
352 737 418 778 Codd.
430 738 525 788 quidam,
541 739 600 778 Cant.
611 739 660 778 Ver.
671 743 692 777 et
702 740 760 789 Ven„
806 735 808 737 ’

45 801 104 837 quos,
117 795 190 838 utpote
200 788 339 827 difficiliorem
349 796 369 827 et
379 789 529 841 elegantiorem
539 789 652 828 lectionem
663 790 762 829 exhiben-

43 845 83 889 tes,
97 847 214 892 sequuntur
222 841 283 879 Wak.
294 848 314 879 et
325 841 413 888 Iliclist.;
432 842 486 882 Brix.
499 841 544 880 Ald.
554 843 572 880 1.
584 842 603 880 2.
612 844 662 882 Bon.
675 848 696 879 et
706 845 760 881 lunt.

44 895 143 980 {trifilem
164 893 229 981 ,cetteri
245 905 317 931 omnes
333 898 368 946 qui
382 897 437 944 sint,
457 892 515 945 quod
531 905 581 931 cum
596 893 685 945 vulgatis
701 893 760 932 editt.

62 956 85 980 re
103 970 108 979 .
125 956 200 982 serva.
653 955 656 961 ’

51 1041 53 1043 v
97 994 128 1035 58.
155 996 283 1046 Eliciuntrr]
305 997 377 1034 Lamb.
395 996 543 1035 econieotura
556 994 621 1033 edidit
634 997 760 1045 Εἰίοιίιηιιιν,
799 1040 807 1046 ,Α

44 1058 108 1096 quem
122 1046 218 1099 vulgares
234 1048 294 1086 editt.
308 1054 430 1099 sequuntur.
456 1049 509 1087 Hav.
525 1047 629 1086 librorum
645 1046 761 1086 lectionem

43 1097 146 1148 restituit,
161 1112 224 1150 quam
236 1105 256 1136 et
267 1099 311 1150 ipse
322 1106 342 1138 et
351 1099 411 1139 Wak.
423 1099 538 1138 defendunt
546 1098 598 1136 loeis
611 1097 668 1136 Ovid.
678 1100 732 1137 Fast.
742 1101 759 1148 I,

44 1150 90 1190 256.
107 1162 132 1188 ex
146 1151 204 1190 Pont.
214 1154 240 1198 Il,
252 1152 271 1199 5,
287 1148 320 1191 46.
333 1153 383 1189 Hor.
396 1155 438 1190 Sat.
449 1154 465 1200 Ι,
480 1152 499 1198 8,
510 1152 543 1191 29·
557 1150 602 1189 Liv.
612 1151 657 1198 XL,
667 1150 699 1201 23.
714 1150 729 1200 l
740 1151 760 1189 1.

45 1201 110 1238 Curtii
124 1205 160 1251 IV,
178 1205 196 1245 6,
210 1203 230 1242 5.
250 1203 320 1242 Claud.
334 1203 356 1240 in
372 1203 440 1242 Rufin.
454 1205 470 1252 Ι,
489 1203 521 1241 56.
537 1208 579 1241 ete.
592 1223 620 1230 —
632 1207 700 1240 manet
714 1202 759 1251 res]

43 1251 111 1304 Lugd.
125 1255 143 1292 1.
154 1255 174 1294 2.
186 1254 246 1292 Vind.
256 1254 333 1304 fragm.
344 1253 516 1294 Vind.Brit.1·3.
531 1254 580 1293 Ver.
593 1259 613 1290 et
623 1253 676 1293 Ver.
688 1268 759 1292 mana·

44 1320 74 1353 re,
87 1303 146 1343 Bodl.
157 1304 204 1343 Brit.
214 1307 233 1346 2.
244 1312 265 1343 et
274 1305 327 1343 Brix.
338 1322 425 1346 manere.
483 1309 486 1312 '
532 1325 534 1329 ¹
565 1344 569 1352 ,

95 1358 127 1396 61.
153 1358 265 1406 scelernm]
282 1357 332 1395 Brit.
349 1359 369 1397 2,
391 1363 413 1395 et
427 1356 480 1407 Brix.
496 1356 589 1405 sceleris,
604 1354 704 1405 idemque
720 1354 760 1393 sihi

42 1406 97 1444 velle
111 1407 210 1445 videntur
227 1410 272 1446 Ver.
285 1411 362 1447 sterilis
373 1415 394 1446 et
404 1411 456 1447 Ven.
468 1410 556 1456 sederis,
570 1419 635 1459 quare
644 1405 705 1446 Wak.
715 1422 758 1447 sce-

42 1459 130 1512 lerisque
140 1463 243 1500 ministros
251 1460 364 1512 legendum
374 1473 418 1499 esse
428 1460 551 1511 suspicatur.

95 1511 126 1551 65.
146 1510 230 1563 ferme]
243 1511 273 1549 sic
283 1512 343 1550 Wak.
354 1512 445 1551 restituit
456 1524 467 1550 e
477 1511 542 1565 Lugd.
554 1511 572 1549 1.
582 1510 602 1550 2.
612 1510 688 1562 fragm.
696 1508 757 1550 Vind.

42 1567 64 1599 et
75 1563 149 1609 Cant.;
161 1563 184 1600 in
196 1565 245 1601 Brit.
253 1566 272 1608 2.
285 1564 363 1616 legitur
372 1565 450 1617 forme,
463 1563 519 1601 unde
526 1562 612 1614 formae
621 1568 691 1610 ortum
701 1561 758 1600 vide·
809 1592 812 1595 ,

42 1619 86 1661 tur,
100 1615 157 1665 quod
167 1615 264 1653 exhibent
275 1615 336 1653 Vind.
346 1618 406 1654 Poor.
417 1617 467 1653 Brit.
479 1617 497 1655 1.
508 1616 528 1654 3.
538 1620 559 1651 et
569 1613 622 1651 Brix.
634 1614 682 1653 Ver.
694 1618 758 1660 Ven.;

42 1664 89 1703 Ald.
101 1668 119 1705 1.
128 1667 148 1706 2.
158 1669 208 1704 Bon.
220 1668 276 1706 lunt.
286 1666 365 1712 habent
368 1666 459 1718 formae,
470 1666 526 1704 unde
536 1665 599 1717 vulgo
611 1664 678 1717 editur
684 1663 758 1714 formo

43 1728 65 1757 et
74 1729 210 1771 contemptus,
223 1718 267 1756 sine
278 1718 381 1757 librorum
388 1719 518 1757 auctoritate.

95 1771 128 1808 67.
154 1772 281 1819 concremer]
294 1770 358 1817 Wak.
365 1783 414 1809 eum
423 1770 471 1810 Brit.
481 1771 499 1809 1.
509 1771 529 1808 2.
544 1770 634 1808 cantet
644 1767 696 1807 trix.
711 1782 757 1807 con-

41 1824 107 1911 ltfrlgier
112 1836 120 1867 ;
132 1821 170 1859 sed
181 1821 228 1860 vide
237 1822 264 1858 ad
273 1825 297 1870 II,
308 1824 353 1861 392.
379 1822 447 1874 Vulgo
464 1824 589 1869 cunctarier,
603 1825 627 1857 ut
639 1820 661 1856 in
671 1819 757 1872 reliquis

50 1885 107 1912 iris.
448 1904 456 1910 .
675 1884 677 1889 ’

93 1926 125 1965 69.
152 1926 248 1978 ffugisre
262 1924 328 1963 tacite
341 1925 401 1964 Walt.
416 1923 523 1972 revocavit
532 1934 557 1960 ex
568 1921 676 1971 omnibus,
688 1928 713 1961 ut
723 1921 758 1962 vi-'

43 1974 115 2023 detur,
127 1977 196 2024 libris3
209 1977 273 2028 uulgo
289 1978 345 2015 enim
356 1977 468 2031 Refugicse
476 1977 562 2028 legitur.
575 1995 602 2005 -
614 1975 711 2025 remosse]
726 1975 766 2015 sic.
808 2026 811 2027 ⁷

41 2026 108 2078 Lugd.
117 2031 135 2067 1.
145 2031 164 2067 2.
180 2035 201 2065 et
210 2033 261 2068 Ven.
271 2029 316 2067 Ald.
330 2032 349 2069 1.
360 2033 380 2068 2.
393 2032 443 2066 Bon.
450 2032 463 2077 ,”
470 2033 522 2079 quos
537 2033 651 2077 sequnntur
665 2028 755 2064 Gronov.

43 2077 100 2117 Obss.
108 2082 139 2126 ll,
155 2081 174 2119 7.
188 2080 277 2120 Palmer.
293 2080 315 2118 iu
333 2083 386 2119 Face
397 2081 450 2119 erit.
461 2081 485 2118 T.
495 2079 531 2116 lV.
541 2091 562 2130 pf
574 2080 619 2118 870.
633 2079 683 2117 Hav.
695 2077 755 2119 Wak.

2 2174 5 2181 .
41 2129 118 2169 Eichst.
129 2131 202 2180 Orell.;
216 2132 275 2170 Bodl.
286 2146 348 2181 vero,
361 2132 421 2173 Vind.
434 2132 483 2170 Brit.
494 2132 513 2171 2.
523 2131 542 2170 3.
557 2131 616 2171 Cant.
628 2135 648 2168 et
658 2130 706 2170 Ver.
721 2146 755 2170 re-

42 2193 108 2226 mote,
127 2183 178 2234 lirin.
191 2195 291 2235 remotae,
304 2186 365 2226 Poor.
381 2184 430 2222 Brit.
443 2185 462 2223 1.
481 2189 502 2221 et
516 2183 571 2222 lunt.
587 2184 663 2222 remoti.
682 2181 755 2221 Lamh.

42 2233 98 2272 coni.
111 2250 186 2274 recesse
200 2235 230 2282 (i.
241 2248 257 2273 e.
271 2236 403 2286 recessisse),
418 2248 470 2287 quae
485 2234 576 2286 vulgaris
594 2234 663 2283 faeta,
685 2233 754 2273 Gifan.
772 2255 774 2257 ·

41 2301 130 2326 remosse
143 2299 181 2336 pro
195 2299 307 2338 remeasse,
322 2289 394 2327 Faber.
410 2302 501 2329 remense
515 2286 665 2337 (remansisse.)
694 2287 754 2324 Cete-
803 2318 811 2321 -

41 2382 195 2392 --.-..

67 2438 127 2528 *ζεῖ
136 2438 256 2530 „tsiffiliter
267 2453 315 2480 oum
326 2452 352 2490 et,
365 2440 415 2482 Brit.
425 2442 445 2482 2:
455 2440 490 2481 3.“
505 2443 536 2481 W
538 2454 552 2480 α
557 2443 589 2490 ln,
604 2439 661 2493 quod
669 2450 713 2479 uon
723 2451 754 2478 sa-

102 2503 118 2529 ts
133 2504 156 2529 111
166 2503 177 2530 e
196 2504 236 2544 rgo.
485 2513 487 2515 ·
733 2503 741 2524 -“
