1690 2654
230 62 271 102 AB
288 60 425 101 LIBRUM
442 60 617 112 QUARTUM.
738 59 786 103 379

117 174 174 214 1007.
187 172 291 227 visaeque]
302 173 408 211 Ventten.
416 175 524 226 visaeque,
534 171 599 211 literis
606 171 661 209 male
670 170 785 221 dispositis;

65 224 118 264 Brix.
129 231 160 266 nin
169 242 244 279 apuam·
258 224 303 265 Ald.
314 226 331 264 1.
348 227 396 266 Bon.
406 228 464 264 efisae
476 238 548 277 etque,
563 225 619 276 quod
628 223 688 263 Wak.
701 223 753 261 dicit
763 234 785 260 se

64 285 200 329 accepturum
210 279 285 326 fuisse,
298 276 315 314 si
325 277 379 315 liber
389 277 442 315 alius
451 278 519 315 bonae
531 285 596 315 notae
608 277 752 316 consensisset.

116 333 174 371 1009.
200 330 281 379 itidem]
307 328 337 367 sic
357 331 407 368 Hav.
431 336 452 366 et
467 329 529 367 Wak.
544 342 593 367 cum
609 329 705 367 omnibus
722 327 783 366 libris

64 389 147 433 praeter
157 386 210 420 lunt.
222 389 243 419 et
252 381 298 419 Ald.
307 383 335 427 2,
348 388 372 426 ut
382 381 478 432 vulgares
490 380 556 428 editt,
567 385 641 420 etenim
651 382 783 431 praebentes.

117 437 174 475 1011.
200 437 306 473 clericorem
318 433 382 470 lectio
394 441 425 470 est
436 433 483 471 Brit.
495 434 515 472 3.
532 433 591 473 Cant.
606 433 651 472 Ald.
665 436 682 473 1.
695 441 715 472 et
726 437 781 480 Bon,

63 485 163 537 idemque
176 485 231 523 velle
247 485 344 522 videntur
359 485 420 524 Vind.
432 486 480 523 Ver.
493 486 557 534 Vem,
571 488 658 524 clamore
671 486 696 536 [i.
708 499 725 523 e.
736 488 756 524 cl
769 507 782 515 -

42 579 44 582 ,
63 542 131 587 more)
151 537 282 583 exhibentes3
298 543 363 574 ceteri
373 536 422 574 libri
433 540 543 583 clamores,
557 544 580 574 ut
594 537 663 588 vulgo.
692 539 783 587 (Hauer-

64 590 134 640 campi
143 595 215 627 tamen
224 588 306 627 silentio
318 588 343 626 de
352 588 419 640 Lugd.
430 590 447 628 1.
459 591 478 628 B.
491 595 513 627 et
521 589 580 628 Bodl.
592 602 634 626 non
644 590 735 627 multum
745 590 783 626 tri-

63 642 178 690 buendum,
187 655 251 694 quum
262 641 326 691 etiarn
332 641 536 679 Veromvarietatem
545 641 647 679 intactam
657 642 782 692 reliquerit.)

116 694 174 733 1014.
200 693 340 744 attendantur]
357 694 405 734 Ver.
422 696 475 736 Ven.
493 696 606 745 Mandant,
625 694 673 733 Brit.
686 696 705 735 3.
722 698 783 733 ittun-

63 748 152 790 duntur,
167 746 215 785 Brit.
225 749 245 785 Ξ.
255 747 392 784 Inundamur.

115 798 158 847 „V.
169 794 225 837 1015.
252 797 310 835 deest
325 796 383 847 [Ald.
393 797 411 836 1.
423 796 456 847 et]
470 798 531 844 Bon,
547 803 568 834 et
577 797 599 834 in
609 796 658 834 Brit.
667 801 685 837 1.
698 811 736 847 per
749 810 782 835 er-

62 862 145 896 rorem,
163 862 174 886 e
190 862 251 887 versu
261 855 360 900 sequente
371 855 456 896 natum,
470 848 499 886 sic
510 849 634 887 constitutus
644 849 733 903 legitur:
750 853 781 889 M.

50 943 53 946 ,
63 904 88 941 [ie
98 905 180 952 anagnis
189 904 248 941 rebus
256 917 354 955 persaepe
363 902 480 953 loquuntur.

114 955 172 993 1018.
202 958 229 992 Ut
240 957 286 1007 quei
296 952 356 991 Wak.
367 953 448 1002 recepit
460 966 470 989 e
482 952 548 1004 Lugd.
563 954 595 1000 1.;
608 953 665 991 Bodl.
677 959 705 991 Et
715 956 782 1005 qzcasi,

61 1003 108 1044 Ald.
119 1009 139 1045 1.
150 1007 170 1046 2.
185 1011 206 1048 et
215 1008 265 1043 Bon.
283 1009 310 1044 Se
324 1008 395 1056 qnasi,
407 1011 431 1042 ut
442 1005 505 1056 vulgo
523 1004 601 1052 editum
617 1005 693 1055 reliqui
709 1017 782 1042 omnes

65 1061 93 1096 Ut
108 1060 174 1110 quusi.
202 1060 299 1095 Ceterum
313 1056 373 1095 Wak.
391 1062 450 1094 recte
464 1063 512 1107 post
526 1068 601 1095 terrem
611 1070 694 1094 comma
704 1056 781 1104 posuit,

61 1120 89 1167 ne
103 1109 148 1160 quis
160 1107 273 1161 coniungat
281 1112 420 1162 praecipitent
431 1124 514 1162 corpore
525 1119 580 1158 toto,
594 1115 618 1145 ut
627 1109 689 1161 vulgo
699 1109 782 1146 factum

60 1168 104 1199 vitu
121 1166 172 1201 erat.
707 1184 709 1187 v

104 1174 171 1252 Ρ1019.
199 1207 348 1260 Exterrentur]
361 1210 480 1250 Consultius
493 1212 569 1261 habui,
588 1211 745 1260 cumpluribus
760 1218 782 1248 et

60 1263 183 1302 melioribus
192 1263 251 1302 libris
261 1263 368 1314 vulgatam
378 1263 476 1312 retinere,
487 1277 550 1314 quam
558 1264 672 1302 cumWak.
679 1271 698 1301 et
705 1264 781 1303 Eichst.

62 1328 73 1354 e
86 1316 143 1354 Bodl.
156 1317 212 1353 Cant.
221 1316 274 1354 Brix.
286 1317 333 1353 Ver.
346 1317 397 1354 Ven.
413 1317 473 1365 [cum
484 1316 558 1366 quibus
569 1318 630 1352 Poor.
642 1321 782 1354 Externuntur

62 1368 180 1419 conspirat)
195 1367 281 1406 dubiam
296 1367 389 1405 formam
399 1372 537 1407 Exterruntur
546 1367 647 1417 recipere.
662 1367 735 1417 (Gonf.
747 1373 780 1404 et-

60 1419 104 1458 lam
116 1426 216 1457 annotata
227 1420 254 1458 ad
265 1422 299 1462 lli,
308 1420 353 1466 22.)

114 1473 171 1512 1020.
196 1474 298 1521 promotei
303 1499 309 1518 ,
323 1476 398 1520 utpote
409 1470 524 1522 elegantius
534 1476 597 1522 atque
607 1469 757 1521 significantius
767 1482 779 1507 e

60 1528 110 1563 vett.
123 1523 181 1563 editt.
192 1525 240 1565 Ver.
252 1525 303 1562 Ven.
314 1522 358 1561 Ald.
366 1524 384 1561 1.
396 1528 418 1560 et
428 1524 478 1560 Bon.
490 1523 567 1571 recepi,
578 1528 602 1559 ut
612 1534 683 1559 sensus
695 1523 731 1558 sit:
746 1522 779 1558 in-

48 1580 49 1583 ’
61 1582 121 1613 terno
134 1581 198 1614 aestu.
212 1588 237 1614 ex
247 1586 326 1626 angore
336 1581 390 1622 orto,
404 1586 498 1612 esomno
510 1575 582 1623 emoti,
595 1573 661 1612 erecti
671 1581 691 1612 et
703 1574 779 1611 exeita-

60 1626 84 1666 ti.
111 1627 179 1666 Ceteri
188 1626 238 1665 libri
248 1634 269 1665 et
280 1626 336 1665 editt.
349 1634 421 1664 omnes
431 1629 525 1679 permoti.

114 1681 171 1718 1021.
198 1680 282 1728 sitiens]
296 1678 345 1718 Brit.
355 1680 477 1723 effutiens,
491 1677 548 1728 quod
562 1678 623 1725 (cum
634 1679 714 1728 flinnen
729 1689 779 1714 con-

60 1731 178 1780 structum)
192 1731 252 1769 Wak.
263 1730 349 1768 felicem
360 1743 454 1768 errorem
465 1730 524 1777 dicit,
539 1735 560 1767 et
571 1743 621 1767 cum
630 1729 686 1780 Virg.
698 1728 741 1768 Eol.
754 1729 778 1776 V,

61 1780 93 1821 47.
111 1789 228 1831 comparat3
243 1783 334 1819 fortasse
350 1788 421 1819 tamen
437 1795 448 1819 e
463 1781 609 1821 Vindsutiens
621 1788 691 1818 ortum
703 1787 739 1817 est.
754 1801 779 1807 —

58 1838 156 1886 propter]
173 1830 313 1880 Gonf.‘11‚30.
325 1834 371 1872 353.
386 1834 421 1880 IV,
433 1835 490 1873 1023.
503 1835 527 1878 V,
539 1835 583 1873 622.
599 1831 747 1879 V1.549.ete.,
759 1838 779 1868 et

62 1885 118 1932 quod
133 1886 308 1933 praepositionem
322 1884 459 1935 postpositam
473 1884 559 1934 attinet,
574 1884 614 1922 vid.
627 1883 653 1921 ad
662 1885 677 1934 l,
690 1881 735 1923 841.
749 1883 778 1931 11,

60 1935 106 1976 731.
116 1936 160 1975 791.
174 1940 208 1983 Ill,
219 1938 263 1977 851.
274 1943 314 1975 etc.

112 1989 169 2027 1023.
196 1992 258 2028 Purei
272 1989 314 2034 (vel
322 1991 381 2036 Puri)
394 1989 497 2038 praebent
506 1987 573 2038 Lugd.
581 1988 598 2027 1.
604 1988 624 2026 2.
634 1986 695 2025 Vind.
704 1986 753 2026 Brit.
758 1987 778 2026 2.

61 2036 113 2077 Brix.
127 2039 175 2076 Ver.
185 2040 249 2089 Ven,
264 2053 315 2091 qnos
326 2044 376 2080 Hav.
391 2046 412 2077 et
428 2040 489 2077 Wak.
506 2046 631 2088 sequuntur3
646 2039 703 2077 Bodl.
719 2040 778 2075 Cant.

61 2087 132 2129 Ald.2.
143 2093 216 2138 Pueri,
230 2092 305 2132 Brit&
318 2096 391 2139 Puris,·
405 2091 441 2129 sed
451 2094 510 2131 Poor.
523 2090 571 2132 Brit.
580 2093 598 2130 1.
609 2093 691 2136 Plures,
706 2089 751 2128 Ald.
759 2091 776 2129 1.

60 2141 110 2177 Bon.
126 2141 180 2177 lunt.
196 2146 265 2184 Multi.
293 2143 360 2196 Vulgo
378 2143 447 2181 editur
462 2146 517 2183 Puri.
532 2163 558 2170 -
571 2158 592 2181 se
605 2142 642 2191 ae]
659 2144 689 2180 sic
706 2152 779 2179 omnes

62 2191 146 2229 omnino
157 2192 217 2244 libri,
232 2209 342 2247 quoscum
354 2196 410 2247 vulg.
424 2195 481 2233 editt.
493 2200 513 2231 et
523 2194 598 2230 Eichst.
609 2200 708 2243 sequutus
718 2205 765 2230 sum
771 2206 777 2239 3

60 2243 168 2290 Walaeeu,
178 2257 203 2281 ex
215 2249 343 2286 coniectura.
360 2270 383 2276 -
397 2249 452 2285 dolia
465 2248 532 2291 curta]
545 2244 558 2282 i.
566 2258 583 2283 e.
592 2246 712 2294 amphorae,
724 2256 778 2295 quae

61 2305 98 2350 per
112 2294 232 2345 angiportus
249 2306 270 2337 et
284 2299 309 2336 ad
323 2290 409 2351 angulos
420 2297 538 2348 platearum
549 2296 678 2345 collocatae,
690 2297 777 2335 fortasse

61 2351 125 2382 etiam
141 2346 255 2395 parietibus
268 2351 358 2389 insertae
373 2356 444 2397 erant,
457 2356 481 2387 ut
491 2354 648 2398 praetereuntes
657 2348 746 2386 vesicam
755 2346 777 2383 in

62 2408 95 2432 eas
106 2409 218 2436 exonerare
229 2409 320 2450 possent,
328 2403 413 2440 eaedem
421 2401 478 2439 haud
488 2401 557 2451 dubie,
566 2413 620 2452 quae
630 2401 685 2450 apud
694 2402 776 2436 Petron.

61 2449 94 2488 7⁰·
105 2454 125 2486 fit
136 2449 176 2488 79r
184 2464 258 2502 gesna
270 2454 317 2501 (vel
326 2455 422 2507 gastrae)
436 2459 546 2494 vocantur.
575 2452 636 2492 Conf.
647 2450 740 2489 lllacrob.
751 2450 776 2498 Il,
