1690 2654
133 66 167 117 36
324 69 365 109 DE
382 68 664 132 adeundarum

187 175 340 226 Squamigerdm
349 177 443 227 pecudes,v
455 179 475 216 et
486 177 540 216 laeta
550 175 639 217 armenta
651 177 750 227 seraeque,

186 229 213 267 Et
223 227 290 267 variae
301 229 398 276 uolucres,
411 230 506 268 laetantia
516 243 566 279 qnae
576 231 620 269 loca
631 242 728 279 uquarum

134 277 174 319 345
187 280 328 318 Concelebrant
340 280 415 319 circum
424 281 478 331 ripas
488 282 598 333 fonteisquc
608 282 709 331 lacusque,

185 333 213 385 Et
224 344 274 381 quae
284 334 402 383 pervolgant
413 347 495 373 nemora
508 335 555 372 avia
564 334 714 384 pervolitantes;

186 384 277 431 Quorum
288 385 443 433 unumquodvis
456 386 565 436 generatim
575 398 651 424 sumere
661 397 733 436 perge:

185 434 275 474 Invenies
285 440 351 475 tamen
363 437 415 475 inter
427 450 448 476 se
460 437 541 477 differre
552 437 630 489 figuris.

82 529 84 534 ,
179 487 228 536 uec
237 488 314 538 ratione
324 489 365 526 alia
374 489 439 538 proles
452 501 569 541 cognoscere
579 493 670 538 matrem,

134 535 174 577 350
186 540 227 578 Nec
237 544 302 578 mater
313 546 379 589 posset
387 542 542 590 prolcm;,qnod
551 554 611 592 posse
620 542 716 588 videmus,

187 590 229 633 Nec
239 590 311 643 minus,
324 596 382 641 atque
391 593 488 640 homines,
500 593 552 631 inter
564 606 585 632 se
595 596 642 631 nota
654 594 725 631 eluere.

186 643 240 683 Nam
250 655 308 693 saepe
320 644 364 683 antc'
377 643 435 682 dedm
446 644 519 683 vitulus
526 644 612 682 delubra
624 644 695 689 decora
734 658 737 672 ’-

186 695 316 733 Turicrcmas
325 698 403 744 propter
413 697 510 733 mactatus
521 695 606 739 concidit
617 707 669 742 aras,

186 746 293 796 Sanguinis
302 744 402 794 ,exspirans
415 747 501 793 calidum
513 747 537 783 de
549 748 629 795 pectore
640 747 725 785 flumen:
785 745 787 748 ’

126 792 173 836 4555
185 798 212 837 nt
220 800 289 844 mater,
302 797 383 836 nirideis
393 797 454 837 saltus
467 798 536 836 orbata
547 809 661 848 peragrans,

186 849 266 899 Linquit
278 849 335 887 hnmi
344 849 428 899 pedibus
439 849 524 900 vestigio
535 861 602 900 pressa
613 850 704 900 bisulcis

187 901 260 940 Omnia
270 901 370 938 convisens
380 901 442 938 oculis
453 903 502 947 loco,
520 901 537 938 si
548 905 606 950 queat
615 914 699 950 nequam

187 952 304 1003 Conspicere
314 953 409 995 amissum
420 953 494 998 ietnm3
508 954 630 1002 completque
641 950 725 1003 querelis

185 1005 328 1044 Frnndilerum
338 1017 412 1050 nemus,
426 1005 521 1054 adsistens
526 1018 532 1051 3
546 1011 565 1043 et
575 1006 644 1044 crebra
655 1004 725 1045 revisit

134 1053 174 1094 360
186 1058 218 1096 Ad
228 1058 335 1103 stabulum,
349 1056 445 1094 desiderio
456 1057 530 1106 perfixa
540 1056 630 1104 iuvenci3
658 1059 660 1062 '

186 1109 228 1149 Nec
239 1112 317 1147 tenerae
329 1108 404 1154 salices,
418 1112 477 1157 atqne
487 1109 563 1155 herbae
571 1110 617 1146 rore
625 1107 719 1159 vigentes,

188 1160 321 1210 Fluminaque
330 1161 373 1198 nlla
384 1165 462 1209 queunt,
476 1160 558 1212 summis
567 1160 654 1199 labentia
662 1158 718 1210 ripis,

189 1213 295 1252 Oblectare
308 1212 402 1259 animum,
413 1212 536 1261 subitamque
548 1215 731 1261 avortere-euram

187 1265 230 1304 Nec
240 1264 347 1301 vitulorum
358 1264 410 1301 aliae
421 1264 539 1313 speciesper
547 1264 621 1313 pabulo
630 1264 683 1304 laeta
719 1273 721 1276 ’

134 1311 174 1356 365
186 1316 282 1355 Derivarc
290 1319 362 1364 queunt
373 1315 460 1364 animum
471 1328 558 1365 curaque
567 1317 644 1354 levare:

184 1369 251 1417 Usque
261 1368 310 1414 adeo
321 1367 413 1417 quiddam
423 1365 525 1417 proprium
536 1371 642 1417 notumque
652 1366 742 1417 requirit.

184 1421 291 1460 Praetereo
301 1418 376 1469 tenerei,
384 1420 473 1458 tremulis
482 1432 528 1466 cnm
537 1419 619 1463 vocibus
627 1420 699 1460 haedei

186 1471 303 1522 Cornigerns
314 1475 385 1509 norunt
395 1475 474 1521 matres,
492 1472 577 1523 agnique
584 1471 661 1521 petulci
714 1483 716 1486 ·

184 1524 279 1562 Boletum
288 1524 381 1572 pecudes:
394 1524 429 1569 itu,
443 1524 495 1572 quod
502 1529 574 1561 natura
585 1521 676 1572 reposcit,

133 1570 173 1612 370
185 1576 217 1616 Ad
229 1588 266 1613 sun
276 1575 358 1623 quisque
369 1576 411 1612 fere
422 1575 525 1613 dccurrrmt
534 1576 596 1613 nbcrn
605 1574 670 1613 lactis.

211 1628 314 1665 Postremo
326 1626 408 1675 quodvis
417 1627 544 1673 frumentum,
557 1639 597 1665 non
608 1630 674 1665 tamen
685 1635 748 1672 omne,

187 1679 278 1727 Quidque
288 1690 323 1715 sno
332 1691 409 1729 genere,
421 1677 471 1715 inter'
482 1690 503 1715 se
512 1678 576 1716 simile
583 1690 625 1715 esse
634 1678 717 1724 videbis,

186 1731 240 1778 Quin
250 1730 366 1767 intercurrat
376 1730 471 1778 quaedam
481 1730 573 1767 distantia
583 1729 675 1775 formeis3

187 1782 353 1829 Cmrcharumqnc'
359 1793 421 1830 genus
429 1781 489 1830 parili
498 1782 574 1819 ratione
584 1781 674 1819 videmus
693 1810 695 1813 -

134 1828 174 1873 375
186 1834 271 1885 Pingere
282 1833 357 1881 telluris
369 1833 475 1882 quendum,
489 1846 528 1882 qua
535 1832 630 1871 'mollibus
639 1832 696 1871 undis

185 1885 258 1925 Litoris
267 1885 344 1923 incurvi
355 1885 445 1923 bibulam
458 1879 515 1935 parit
526 1897 599 1934 aequor
609 1897 695 1922 arenam.

186 1938 253 1986 Quare
265 1937 325 1975 etiam
335 1941 393 1985 atquc
403 1937 463 1975 etium
471 1936 532 1974 simili
542 1936 619 1987 ratione
627 1946 706 1973 necesse
718 1935 754 1980 est,

185 1990 261 2028 Natura
271 1989 363 2037 quoniam
375 1993 468 2036 constant,
481 2001 543 2038 neque
554 1989 609 2027 facta
620 1989 735 2040 manusunl

185 2042 248 2079 Unius
260 2042 285 2078 ad
297 2044 370 2078 certum
380 2041 466 2078 formam
476 2040 584 2088 primordia
594 2051 674 2084 rerum,·

134 2087 179 2130 380
186 2092 282 2133 Dissimili
291 2091 342 2130 inter
352 2104 373 2130 se
382 2092 467 2139 quadam
476 2092 561 2129 volitare
569 2092 640 2140 figura.

133 2150 135 2152 ’
211 2144 310 2183 Perfacile
318 2149 346 2182 est
359 2143 422 2197 animi
432 2143 508 2181 ratione
518 2143 618 2191 exsolvere
627 2141 690 2190 nobis,
720 2148 722 2151 '

186 2198 253 2246 Quare
261 2196 367 2234 fulmineus
378 2196 441 2234 multo
450 2193 569 2244 penetralior
578 2193 637 2243 ignis,
671 2198 673 2202 ⁴
714 2235 716 2238 Α

186 2251 252 2297 Quam
262 2253 332 2295 noster,
345 2248 402 2294 flunt,
415 2260 426 2285 c
437 2246 498 2285 taedis
508 2246 631 2284 terrestribus
641 2250 702 2286 ortus.

185 2301 256 2340 Dicere
266 2299 318 2336 enirn
330 2299 398 2348 possis,
414 2300 518 2336 coelestem
524 2296 613 2350 fulminis
622 2298 690 2349 ignem

134 2346 175 2390 385
187 2351 284 2391 Subtilem
294 2351 361 2401 magis
371 2363 382 2387 e
393 2351 460 2400 parvis
468 2353 560 2389 ,constare
571 2349 653 2400 figuris3

186 2405 251 2452 Atque
262 2403 306 2440 ideo
318 2402 403 2445 transire
409 2401 512 2449 foramine,
527 2414 578 2450 quae
590 2402 657 2450 nequit
669 2398 721 2452 ignis

186 2456 258 2496 Noster
268 2454 314 2503 hies
327 2467 338 2493 e
349 2453 409 2505 lignis
420 2454 580 2504 orne'teenaqne
591 2458 674 2492 creatus.
720 2489 722 2493 .
