1690 2654
218 121 258 161 AD
275 117 586 171 Ltssuuuouturuot
639 129 642 133 ·
717 117 764 163 461

49 228 166 283 elegantior
181 236 201 268 et
215 227 342 279 simplicior3
356 229 401 267 vel:
414 232 556 282 Posteriorque
569 244 601 268 res
614 230 686 268 melior
694 229 781 281 perdit'

48 287 87 323 illu
100 294 192 335 reperta,
207 293 227 320 et
240 285 334 319 immutat
348 296 429 319 sensus.-
444 294 496 332 quae
506 281 588 318 videtur
598 282 665 318 miuus
675 280 763 331 signata,

49 335 120 373 durior
133 347 157 371 ac
167 333 293 378 tortuosior3
307 332 374 370 arrisit
385 339 457 370 tamen
468 332 582 371 editoribus
593 340 613 371 et
622 332 717 383 pluribus
731 333 764 371 in-

48 382 204 437 terpretibus.“'
217 387 262 423 We
268 386 288 422 k.

100 437 156 477 1415.
183 436 248 489 cepit]
267 436 297 475 ita
313 435 374 476 Wak.
391 448 440 474 cum
455 436 504 474 Brit.
520 437 539 476 3.
556 437 612 474 Cant.
631 442 652 474 et
669 435 714 474 aid.
729 437 763 485 23

48 489 110 541 vulgo
121 492 194 541 coepit.
484 508 487 510 ·

99 539 156 579 1417.
183 538 270 590 „Vulgo
281 545 329 589 post
335 540 407 593 serz'na
416 546 497 588 ponunt
506 551 549 582 esu·
562 539 647 577 vetustis
657 538 716 576 libris
730 541 764 591 [et

48 592 144 631 erunibus
155 592 212 631 editt.
224 592 288 640 vett]
303 592 472 629 reclamantibus.
500 591 555 629 Ordo
569 599 611 630 est:
623 592 699 640 Pettts,
713 592 763 629 feri-

48 657 75 682 na
87 643 159 693 vestis,
173 643 249 681 cecidit
264 646 412 697 contempta.“
426 648 473 683 [Va
481 647 501 683 lc.
528 645 627 682 Ceterum
638 647 691 681 lunt.
704 644 764 682 exhi-

47 697 83 734 bet
86 694 171 746 ferinae
175 723 181 742 ,
194 695 301 735 mendose.

100 745 158 787 1418.
186 759 234 786 tunc
245 748 308 785 lectio
318 754 349 785 est
358 746 498 797 plurimorum
507 747 618 799 librorum,
630 760 682 799 quae
693 754 764 786 tamen

48 799 127 838 atVali.
136 800 240 837 correctio
252 799 342 837 hahetur
352 812 413 837 verae
424 801 540 850 scripturae
550 815 609 849 nuuc,
623 813 633 838 e
646 800 711 851 Lugd.
720 803 736 840 1.
744 803 763 841 2.

49 854 104 889 Cant.
117 852 164 888 Ver.
176 853 227 889 Ven.
240 864 282 888 ase
292 858 401 900 receptae,
416 857 437 888 et
451 851 522 901 paullo
537 852 667 889 artificiosius
682 853 711 889 sic
726 865 763 889 ex-

47 903 148 953 plicatae:
163 905 270 953 „Egomet
279 916 334 941 nunc
346 903 428 940 dierum
438 915 498 950 reor,
512 903 587 950 vitam,
602 917 666 953 quam
675 904 763 941 vivimus

47 954 120 999 hodie,
136 955 231 991 omnibus
248 954 327 992 artibus
345 954 459 1004 excultam,
474 968 523 992 cum
537 954 689 1004 simplicissima
704 963 763 993 vete-

47 1020 96 1044 rum
110 1006 232 1043 mortalium
247 1007 368 1044 conditione
386 1019 513 1056 componens
528 1006 634 1045 scilicet.“
661 1009 703 1045 Nos
715 1020 763 1045 cum

47 1058 121 1095 utensi.
133 1065 154 1095 et
167 1058 229 1097 creti
240 1058 346 1109 vulgatam
354 1058 483 1096 retinuimus.

99 1107 155 1148 1420.
183 1111 313 1161 distructum]
329 1111 358 1147 sic
373 1110 431 1148 Wnlt.
445 1109 535 1159 (Eichst.
548 1109 623 1157 Orelli
638 1122 686 1148 cum
701 1110 762 1148 Vind.

47 1160 96 1200 Brit.
109 1163 126 1200 1.
137 1163 156 1200 2.
166 1163 185 1201 3.
201 1164 256 1199 Cant.
273 1169 293 1199 et
307 1162 403 1199 omnibus
414 1162 471 1198 editt.
482 1168 546 1207 vett.;
559 1163 622 1213 vulgo
635 1165 763 1210 distructum,

47 1219 71 1250 ut
81 1213 145 1250 ceteri
155 1213 214 1260 libri;
229 1243 241 1262 „
248 1226 301 1264 quae
313 1214 389 1261 lectio,
403 1220 427 1250 ut
437 1213 497 1252 irak.
511 1219 593 1260 censet,
606 1213 659 1250 ferri
674 1219 763 1263 poterat,

47 1271 143 1314 respectu
152 1265 179 1302 ad
189 1265 246 1302 aliud
255 1279 332 1303 nomen
342 1266 425 1313 habito,
440 1273 464 1302 ut
475 1266 524 1302 alibi
534 1264 555 1301 in
566 1265 676 1312 Lucretio,
690 1266 763 1316 vulga-

47 1323 80 1353 tae
91 1323 164 1353 tamen
174 1324 247 1367 utpote
257 1318 379 1368 simpliciori
390 1324 410 1353 et
419 1317 517 1366 apertiori
527 1317 669 1365 posthabenda
679 1323 716 1354 est.
723 1321 736 1338 ‘⁶

100 1365 156 1407 1421.
183 1373 306 1421 Disperiisie
315 1369 374 1407 Wak.
386 1381 410 1405 ex
420 1369 515 1405 omnibus
524 1367 582 1405 libris
595 1371 699 1418 (quorum
709 1381 762 1406 non-

46 1419 99 1456 nulli
108 1427 189 1457 tantum
200 1424 316 1473 Disperisse
328 1422 428 1470 praebent
432 1422 453 1469 ,)
468 1419 559 1457 restituit
568 1432 606 1468 pro
618 1419 699 1470 vulgari
709 1424 761 1458 Dis-

44 1475 139 1523 persiss'e,
154 1472 210 1522 quod
220 1472 276 1509 haud
287 1472 348 1509 dubie
361 1485 384 1509 ex
395 1472 478 1521 ingenio
491 1471 586 1508 Lambini
596 1471 663 1518 fluxit,
678 1472 716 1508 etsi
726 1471 761 1508 hic

47 1524 68 1559 in
77 1523 125 1560 Cod.
133 1525 169 1563 nis.
176 1524 205 1561 sic
215 1524 377 1560 invenissedicit.
398 1525 510 1573 Receptam
520 1522 634 1560 lectionem
645 1523 687 1559 iam
699 1523 761 1560 Hein-

48 1574 88 1611 sius
103 1574 129 1610 ad
146 1575 218 1613 Claud.
233 1576 255 1612 in
267 1576 333 1612 Ilufin.
346 1578 370 1620 tl,
382 1573 427 1613 416.
439 1588 450 1611 e
461 1575 540 1611 duobus
554 1575 618 1612 Codd.
632 1576 690 1611 Voss.
705 1574 732 1623 (i.
743 1586 761 1615 e.

46 1625 112 1677 Lugd.
127 1628 144 1664 1.
157 1628 186 1676 2.)
201 1627 222 1663 in
235 1633 356 1664 contextum
368 1626 507 1664 revocandam
519 1626 606 1664 censuit.
640 1636 644 1639 ·

100 1675 156 1716 1422.
185 1707 197 1727 „
205 1679 271 1727 curis]
286 1679 334 1716 Brit.
345 1681 363 1718 1.
380 1694 440 1717 clerae
452 1690 494 1725 aat;
510 1690 563 1728 quae
576 1677 665 1717 varietas,
678 1676 722 1714 sine
731 1688 763 1717 est

19 1734 22 1736 “
47 1728 107 1765 valde
119 1729 242 1779 placuisset,
257 1730 283 1766 ad
292 1731 347 1767 hanc
360 1730 548 1767 constructionem:
563 1733 641 1767 Aurum
654 1736 674 1766 et
684 1742 760 1779 purpu-

48 1793 81 1828 ra,
96 1797 147 1832 quoe
159 1794 207 1820 sunt
218 1794 280 1818 curae
291 1796 316 1819 ac
327 1781 469 1818 sollicitudini.
497 1781 538 1817 Sed
551 1781 702 1831 exemplaribus
712 1782 761 1832 plu-

47 1832 103 1869 ribus
114 1839 175 1882 atque
184 1834 331 1871 vetustioribus
343 1832 502 1870 auscultandum
512 1835 609 1872 remur.“
624 1836 670 1871 We
676 1835 695 1870 1¹.

99 1883 156 1923 1427-
182 1886 295 1935 rigentibus
304 1885 364 1923 Wak.
373 1884 437 1921 edidit
447 1897 457 1921 e
468 1884 542 1921 lortini
552 1884 682 1931 coniectura,
698 1896 761 1933 quam

48 1934 147 1972 roborant
162 1936 214 1973 locis
233 1936 315 1987 Virgilii
330 1941 379 1975 Aen.
395 1938 432 1982 XI,
443 1937 475 1974 72.
489 1942 509 1972 et
520 1939 535 1982 t,
547 1935 591 1974 648.
606 1937 661 1984 (non
677 1935 727 1976 ibid.
741 1949 761 1975 v.

48 1985 104 2036 648„
118 1994 142 2023 ut
159 1989 219 2025 Walt.
236 1993 256 2024 et
272 2001 320 2025 cum
338 2000 361 2024 eo
375 1987 437 2025 Orell.
449 1987 549 2036 scripsit.)
566 1988 612 2023 Ver.
623 1989 673 2024 Ven.
686 1987 730 2024 Ald.
742 1990 759 2026 1.

47 2040 96 2075 Bon.
108 2042 236 2088 vigentibus,
249 2039 325 2090 reliqui
338 2039 386 2076 libri
396 2040 523 2089 ingentibus,
538 2044 561 2084 ut
572 2038 634 2089 vulgo
647 2038 721 2076 editur.

99 2089 156 2129 1430.
183 2095 223 2137 „in
239 2092 295 2128 deest
307 2091 372 2141 Lugd.
386 2092 403 2129 1.
416 2092 434 2129 2.
447 2091 508 2128 Poor.
522 2090 573 2129 Brit.
586 2092 603 2128 1.
615 2092 633 2128 2.
643 2092 662 2129 3.
679 2090 760 2139 [Brisa]

47 2139 99 2180 Veri.
119 2142 208 2192 [Ven.],
229 2149 291 2192 atque
309 2142 414 2179 corruenti
430 2147 498 2178 metro
516 2141 545 2177 sic
559 2141 684 2179 subveniunt
700 2143 760 2179 Poor.

47 2192 95 2230 Brit.
107 2195 124 2231 1.
135 2195 154 2233 2·
167 2199 195 2233 Et
205 2210 282 2247 semper
293 2195 374 2233 curis.“
390 2196 460 2231 [Vult.

98 2243 156 2285 1433.
181 2246 289 2299 provexit]
305 2247 357 2283 Brit.
366 2246 385 2282 2.
394 2246 501 2296 perduxit,
514 2242 582 2280 minus
592 2244 704 2295 eleganter.

98 2295 155 2335 1435.
183 2313 277 2349 inagnum
287 2297 314 2347 et]
328 2298 357 2333 sic
368 2309 439 2333 omnes
450 2295 545 2343 editores,
554 2302 639 2344 praeter
647 2296 714 2343 Walr,
724 2296 759 2345 qui

48 2357 67 2384 et
79 2348 157 2396 omisit,
170 2349 240 2398 plures
250 2361 299 2385 sane
310 2349 488 2397 libi-ossequutus.
516 2347 556 2384 Sed
566 2348 664 2397 copulam
675 2354 759 2384 tuentur
807 2362 809 2365 ·

47 2398 104 2437 Bodl.
121 2400 181 2438 Vind.
200 2402 255 2437 Cant.
273 2400 317 2437 ald.
331 2402 347 2439 1.
365 2402 413 2437 lton.
431 2405 451 2436 et
469 2401 521 2436 lunt.
549 2399 651 2435 Bentleius
665 2403 757 2446 annotat,

47 2448 103 2488 hunc
113 2450 184 2488 locum
197 2451 310 2488 Prudentia
321 2457 369 2488 ante
380 2450 451 2487 oculos
461 2450 524 2487 fuisse
535 2451 579 2488 adv.
590 2451 692 2501 Symml,
700 2450 744 2489 310.

98 2500 155 2544 1440,
181 2502 283 2552 discreto]
298 2503 357 2540 Bodi.
369 2504 416 2541 Ver.
428 2502 478 2541 Ven.
490 2504 590 2542 districtc,
