1690 2654
291 113 395 155 meme
415 112 452 154 ur.
574 99 575 102 ’
689 106 736 152 15ῖ

1 247 3 251 «
72 226 113 267 Aut
124 222 186 264 alium
200 222 289 272 quemvis
301 212 369 262 inorbi*
379 230 417 273 per>
426 223 517 262 membra
529 219 636 266 dolorem?⁴

73 274 200 327 opturgescit
212 272 265 323 enini
277 272 342 314 subito
354 287 395 324 pes,
408 275 479 324 arripit
491 286 537 313 acer

1 360 3 363 ,
71 331 136 379 Saepe
147 327 204 365 dolor
212 326 292 375 denteis,
307 325 588 375 oculosinvaditinipsos3'
695 325 735 367 661)

72 378 153 422 Exsistit
165 390 220 416 sacer
231 378 291 429 ignis,
304 383 324 416 et
334 378 381 425 urit,
395 389 478 427 corpore
490 389 576 426 serpens,

72 435 235 483 Quamquomque
248 429 332 479 arripuit
346 432 430 478 partem,
442 428 531 477 repitque
544 440 579 477 per
591 430 656 469 artust

72 483 177 529 Nimirum,
192 481 239 531 quia
251 485 296 520 sunt
307 481 417 520 multarum
429 480 594 525 seminatorum

71 536 98 574 Et
110 533 156 573 satis
168 534 220 571 haec
231 534 290 572 tellus
302 532 368 572 morbi
379 532 495 581 coelumque
507 531 557 569 mali
569 531 614 579 fert,

71 586 127 625 Unde
140 589 200 634 queat
212 584 242 623 vis
254 585 346 624 immensi
358 581 568 635 procrescere'morbi.
605 625 607 629 Α
694 582 736 624 665

72 637 106 677 Sic
119 637 182 688 igitur
194 636 231 675 toti
244 638 299 676 coelo
311 641 414 686 terraeque
426 635 534 685 putandum
547 637 576 674 est

70 690 103 728 Ex
116 688 192 727 infinito
205 688 253 727 setis
266 689 333 727 omnia
345 688 474 738 suppeditare,

71 739 128 779 Unde
139 744 220 789 repente
232 744 296 790 queat
304 741 363 779 tellus
376 752 471 778 concussa
483 737 576 785 moveri,

70 792 147 840 Perque
159 802 216 829 mare
228 803 252 830 ac
266 796 329 830 terras
341 791 421 840 rapidus
435 802 550 839 percurrere
562 789 628 837 turbo,

69 842 125 894 Ignis
137 842 237 881 abundare
249 843 351 890 Aetnaeus,
363 843 497 881 flammescere
514 842 602 887 coelum3
694 839 735 881 tto

69 895 95 933 Id
107 906 184 944 quoque
195 893 248 933 enim
260 896 289 943 fit,
302 899 323 934 et
335 894 439 934 ardescunt
451 892 543 931 coelestia
555 892 636 942 templa.

70 946 237 995 lit-tempestates
248 946 329 995 pluviae
341 944 434 997 gravime
446 948 514 983 coortu
534 969 536 973 s

70 996 128 1045 Sunt,
139 996 175 1036 ubi
187 997 281 1036 fortuita
291 1010 312 1036 se
324 997 430 1035 temlerum
443 995 519 1034 semina
530 1007 634 1044 aquarum.

96 1048 122 1087 At
134 1047 192 1087 nimis
205 1052 237 1087 est
246 1049 406 1100 ingensincendi
417 1048 508 1086 turbidus
520 1047 589 1086 ardor!

69 1098 150 1139 Scilicet
163 1099 274 1147 silluvius,
287 1098 321 1149 qui
334 1099 395 1146 visus,
408 1110 512 1137 maxumus
525 1098 544 1136 ei
557 1102 593 1147 est,
680 1099 734 1142 <cit

70 1151 111 1200 Qui
122 1163 162 1189 non
174 1153 220 1188 aute
231 1152 319 1201 aliquem
330 1151 427 1190 maiorem
439 1151 500 1198 vitiu
513 1150 614 1202 elingens
679 1183 682 1188 ,

70 1202 136 1242 atuor
147 1202 247 1251 homoque
261 1202 351 1249 videtum
364 1206 384 1241 et
397 1202 463 1240 omnia
475 1203 584 1252 degenere
596 1201 658 1254 omui,

69 1253 166 1292 Maxuma
177 1265 228 1302 quae
240 1253 291 1293 vidit
303 1254 391 1304 quisque,
405 1254 455 1292 haec
467 1254 556 1304 ingentia
568 1255 636 1306 fingit:

70 1305 137 1353 Quom
149 1307 215 1343 tamen
228 1306 295 1344 omnia
307 1319 353 1344 cnm
366 1306 420 1343 coelo
432 1310 523 1355 terraque
535 1306 625 1357 marique

35 1384 37 1387 -
69 1355 104 1396 Nil
116 1355 155 1394 sint
167 1356 194 1395 ad
207 1369 305 1396 summam
317 1358 402 1396 summai
413 1357 473 1395 totius
483 1369 568 1395 omnem.
691 1354 732 1400 680

96 1406 152 1446 Nunc
166 1410 238 1456 tomen,
247 1411 294 1449 ,olla
304 1409 368 1448 modis
381 1408 459 1458 quibus,
471 1408 549 1447 irritata
560 1410 647 1459 repente,

44 1474 46 1476 ·
69 1459 164 1498 Flamma
175 1460 229 1508 foras
241 1459 303 1506 uastis
313 1461 387 1503 Aetnae
397 1460 509 1499 fornacibus
521 1461 581 1509 efflet,

69 1510 186 1560 Expellam.
199 1512 296 1561 Primum,
309 1513 368 1552 totius
380 1512 468 1555 subcava
480 1512 552 1552 montis

69 1563 106 1602 Est
117 1566 194 1611 natura,
206 1564 249 1603 fere
261 1564 339 1603 silicum
351 1564 434 1603 suffulta
445 1563 539 1603 cavernis.

71 1612 167 1653 Omnibus
180 1618 210 1653 est
221 1629 280 1665 porro
292 1616 313 1654 in
326 1616 422 1666 speluncis
436 1619 504 1654 ventus
516 1619 536 1655 et
549 1616 590 1655 adr.
690 1616 730 1659 685

69 1666 142 1704 Ventus
155 1666 208 1704 enim
220 1668 249 1716 iit,
261 1668 298 1707 ubi
310 1672 340 1706 est
351 1667 545 1718 agitandospercitus
557 1671 598 1707 air.

69 1717 109 1762 Hic
121 1717 157 1755 ubi
168 1719 271 1767 percaluit,
284 1719 412 1769 caleiscitque
425 1720 491 1758 omnia
501 1720 577 1759 circum

59 1767 124 1807 =Saxa
135 1769 209 1816 furens,
223 1783 262 1820 que
274 1767 377 1821 contingit,
390 1774 513 1821 terramqu03
521 1775 546 1810 ‘et
557 1772 582 1811 ab
595 1771 641 1812 offis

69 1820 160 1859 Excussit
172 1821 259 1863 calidum
271 1823 357 1861 flammis
368 1822 468 1862 velocibus
480 1823 558 1874 ignem3

69 1872 134 1909 Tollit
147 1880 174 1920 se,
188 1884 212 1910 ac
223 1873 282 1912 rectis
293 1874 323 1912 ite
334 1874 425 1912 faucibus
437 1874 491 1912 eiieit
503 1875 555 1920 alte,
688 1874 729 1915 69⁰

69 1922 172 1974 Vortitque
183 1925 274 1964 ardorem
286 1926 352 1976 longe,
365 1926 464 1974 longeque
474 1925 565 1964 favillam
589 1944 591 1947 v
659 1941 662 1946 ·

68 1973 148 2023 Diruere,
160 1979 180 2015 et
188 1980 260 2016 'crassa
271 1978 335 2016 volvit
347 1977 433 2028 caligine
444 1978 535 2024 fumum

21 2059 24 2065 .
68 2026 199 2077 Extruditque
212 2028 272 2067 simul
283 2028 373 2067 mirando
386 2029 541 2078 ponderesaxa:
568 2039 570 2042 ·

68 2077 98 2118 Ne
107 2079 194 2128 dubites,
207 2080 255 2131 quin
266 2082 317 2120 haec
329 2080 402 2120 animai
414 2081 492 2120 turbida
503 2080 530 2121 sit
541 2079 578 2121 vis.

94 2131 207 2180 Praeterea,
219 2146 295 2183 magna
307 2146 331 2172 ex
343 2136 399 2182 parte
411 2145 467 2173 mare
478 2132 550 2172 montis
562 2131 643 2175 adeius
687 2133 728 2177 695

45 2181 47 2185 ’
69 2181 154 2221 Radices
165 2184 241 2236 trangit
252 2186 330 2232 fluctus,
342 2188 456 2233 aestumque
470 2184 559 2223 resolvit.

18 2277 20 2280 Ι
41 2245 44 2248 ’
67 2233 100 2270 Ex
111 2234 223 2285 hocusque
235 2237 489 2286 marespeluncaemontis
501 2236 527 2275 ad
539 2237 589 2275 altas

67 2284 187 2326 Perveninnt
199 2289 266 2328 subter
277 2288 362 2328 fauceis:
375 2289 415 2326 hac
426 2287 463 2338 ire,
477 2288 579 2334 latendum
591 2289 628 2337 est,

66 2335 93 2374 Et
105 2340 208 2385 penetrare
219 2340 283 2389 mari,
296 2339 372 2390 penitus
383 2352 415 2378 res
427 2340 487 2391 cogit,
502 2343 577 2390 aperto,

67 2386 132 2435 Atque
142 2389 212 2440 efflare
224 2392 289 2440 foras3
301 2392 384 2442 ideoque
396 2393 489 2431 extollere
500 2393 609 2440 flammam,
685 2388 726 2429 70⁰

68 2437 159 2487 Saxaque
171 2441 287 2490 subiectare,
302 2448 322 2483 et
334 2457 405 2483 arenae
416 2444 487 2483 tollere
499 2444 584 2483 nimbos.

67 2489 91 2527 ln
102 2497 237 2534 summusuut
247 2495 325 2536 vortice·
334 2495 387 2535 enim
397 2499 490 2545 crateres,
501 2499 524 2536 ut
534 2494 585 2545 ipsei

60 2558 164 2590 ucunmus.
553 2551 572 2590 0
