1690 2654
209 98 252 140 su
268 98 404 140 airaon
421 98 585 152 Quirinii.
713 97 761 142 ser

38 205 72 255 (si
88 189 137 244 vere
150 211 208 246 tacet
221 208 286 257 Har.)
299 209 345 251 Ald.
359 211 376 251 1.
387 212 407 251 2.
423 212 473 249 Bon.
488 212 554 255 Iunt..
572 220 622 260 quas
637 219 686 248 eum
702 207 759 260 vulg.

38 257 97 298 editt.
112 259 199 297 Orellius
214 273 298 311 quoque
312 263 418 313 sequitur,
435 265 536 305 Thracem
550 273 603 312 quae
615 261 635 298 si.
643 273 693 298 vera
705 267 760 298 esset

36 309 108 360 lectio,
118 323 161 348 non
172 311 195 348 in
206 314 281 350 ceteris
292 313 350 351 libris
361 315 457 351 omnibus
467 315 488 350 in
496 316 583 352 Thracia
588 318 669 350 mutata
677 313 758 350 fuisset.

88 376 113 416 V.
124 374 157 415 34.
183 376 301 414 Macrobius
317 380 359 414 Sat.
373 378 408 425 VJ,
420 380 437 417 1.
453 377 484 427 (p.
499 378 542 417 156.
552 376 609 426 Bip.)
623 377 695 415 laudat
708 389 758 416 cum

36 426 94 478 Virg.
104 430 154 466 Aen,
164 429 201 473 IX,
212 427 257 467 794.
267 434 419 479 comparatum.
444 428 519 466 Lamb.
532 430 615 466 confert
625 428 690 466 etiam
699 430 756 480 Virg.

36 478 128 523 [secut
136 476 187 523 149..
200 478 262 516 Wak.
275 491 325 517 vero
334 479 378 518 Val.
391 479 491 516 Flaccum
502 481 593 528 maru.
607 485 628 516 et
639 479 695 530 Virg.
707 483 757 520 Aen.

35 529 95 573 VIII,
107 529 153 567 330.
180 530 277 566 Ceterum
292 530 318 567 de
333 530 412 567 neutris
428 530 581 569 adiectivorum
597 543 636 580 pro
654 531 757 569 adverbiis

35 579 108 630 positis
117 580 161 617 iam
173 579 261 618 diximus
272 580 298 619 ad
309 584 335 630 Il,
347 582 392 621 359.
739 605 742 607 ·

88 632 120 672 35.
146 633 242 682 Arboris]
259 634 307 672 Ver.
324 634 376 671 Ven.
392 633 511 673 Arboribus.
525 654 550 662 —
564 633 662 686 stirpem]
676 633 747 673 Brit.1

37 683 97 720 Cant.
109 686 193 736 stirpes,
207 684 259 722 Brix.
270 688 340 736 stipes,
356 686 410 721 lunt.
421 688 505 738 stipem,
520 685 566 723 Ald.
578 687 658 740 1.,Bon.
668 688 756 739 stipites,

35 733 207 788 Vind.'stirperzs‚
221 735 270 778 Brit.
283 737 302 774 2.
312 737 332 775 3.
343 737 392 775 Ver.
402 737 452 775 Ven.
465 752 553 789 serpens,

87 799 120 839 36.
139 804 249 838 Oceanum
264 809 346 852 propter
362 799 425 847 litus]
444 799 474 837 sic
489 800 545 838 edidi
558 813 606 839 cum
619 800 677 839 Bodl.
693 801 755 841 Vind.

34 850 134 889 Britan
147 856 168 887 et
180 850 259 888 cunctis
270 849 329 888 editt.
339 856 396 897 vett,
408 851 508 901 (quarum
518 854 573 890 lunt.
584 852 648 889 modo
659 853 754 892 ettlda.

34 915 73 953 per
92 908 236 939 correcturam
250 901 346 938 exhibent
364 905 439 940 Oceani
447 918 468 953 p.
478 904 514 949 l.,)
528 902 630 940 Orellium
648 910 754 953 sequutus,

35 954 71 1004 qui
86 959 143 991 recte
158 953 266 1001 observat,
280 952 377 990 librarios
389 952 455 990 ubivis
466 954 512 991 fere
525 954 652 991 adiectivum
663 959 756 993 Oceanus

35 1005 147 1043 obliterare
161 1003 279 1043 tentavisse.
294 1003 368 1053 (Conf.
384 1003 428 1041 loci
443 1016 455 1042 a
469 1005 530 1043 Wak.
546 1005 617 1043 allati:
631 1008 703 1043 Iuven.
717 1007 755 1053 XI,

34 1058 80 1096 113.
94 1058 160 1094 Varro
171 1068 203 1106 ap.
212 1055 310 1093 Priscian.
319 1056 358 1103 III,
369 1053 388 1095 4.
398 1055 435 1094 fin.
449 1057 482 1104 (p.
492 1058 537 1095 609.
547 1058 577 1104 P.)
591 1057 662 1094 Avien.
669 1057 692 1094 in
698 1060 755 1095 Arat.
833 1063 835 1066 '

34 1109 102 1156 1152„
118 1111 223 1157 (quorum
238 1107 319 1156 primus
336 1113 399 1157 quam
415 1110 505 1144 maxime
522 1108 580 1144 favet
594 1108 681 1145 lectioni
694 1121 756 1145 rece-

33 1161 112 1210 ptae,)
121 1165 149 1200 Net
165 1161 278 1198 Burmann.
296 1157 323 1195 ad
337 1157 420 1195 Anthol.
434 1159 480 1195 Lat.
495 1159 519 1207 V,
531 1160 549 1205 1,
561 1156 593 1207 7.)
607 1158 668 1198 Wak.
681 1165 755 1197 tamen

33 1211 124 1251 servavit
135 1210 232 1247 Lambini
246 1209 390 1261 coniecturam
401 1214 487 1262 Propter
497 1212 617 1249 Atlanteum
629 1212 691 1257 litus,
706 1212 755 1262 quia

32 1264 55 1301 in
65 1262 161 1300 omnibus
169 1261 231 1298 Godd.
239 1262 310 1298 Lamb.
317 1261 382 1312 Lugd.
389 1262 407 1299 1.
414 1263 433 1301 2,
443 1265 479 1299 Pr.
486 1264 603 1306 Atianeum,
612 1261 634 1298 in
644 1263 706 1299 Poor.
717 1267 754 1301 Pr.

32 1318 151 1358 Aciuneum,
165 1312 187 1350 in
197 1312 246 1350 Brit.
256 1314 274 1351 2.
287 1316 323 1366 Pr„
333 1314 463 1358 Actionem,
477 1311 499 1348 in
511 1313 571 1349 Cant.
585 1316 620 1350 Pr.
630 1316 754 1352 Aeticmeum

32 1366 117 1417 legitur.
131 1386 156 1392 —
167 1364 289 1418 pelagique]
305 1363 334 1401 sic
349 1362 409 1401 Wak.
424 1363 507 1400 Eichst.
516 1363 578 1402 Orell.
592 1374 641 1400 cum
655 1364 753 1410 plurimis

32 1417 104 1464 libris,
118 1416 181 1467 vulgo
198 1414 309 1468 pelageque
328 1427 376 1451 cum
392 1413 441 1450 Brit.
453 1416 471 1453 1.
481 1415 500 1452 2.
511 1415 542 1462 3.,
556 1419 580 1451 ut
594 1414 629 1458 VI,
644 1416 701 1460 620„
714 1415 753 1452 ubi

33 1469 80 1507 vide
92 1474 164 1506 annot.
177 1488 203 1494 -
216 1469 302 1512 severa]
317 1465 377 1503 Vind.
388 1465 437 1504 Brit.
446 1466 465 1504 3.
477 1470 497 1501 et
507 1470 580 1502 omnes
589 1464 649 1503 editt.
659 1472 709 1502 vett.
719 1482 753 1505 so-

33 1536 91 1567 nora,
105 1519 173 1557 minus
184 1518 245 1556 hene.
259 1516 319 1556 Wak.
333 1516 426 1554 conferri
435 1516 493 1553 iubet
504 1516 569 1555 Pluut.
581 1515 639 1554 Trin.
651 1518 688 1564 IV,
699 1518 717 1563 1,
731 1520 751 1557 6.

32 1572 90 1621 Virg.
102 1573 152 1610 Geo.
163 1573 197 1620 Ill,
211 1570 242 1609 37.
254 1574 274 1606 et
284 1567 376 1606 Nonium
386 1569 422 1613 IV,
433 1565 490 1615 4133
506 1567 568 1607 Orell.
584 1579 634 1604 vero
651 1574 749 1605 annotat:

33 1624 107 1671 „nihil
121 1621 188 1672 magis
202 1619 363 1666 Lucretianum,
383 1631 433 1656 nam
450 1620 488 1666 (ut
503 1634 574 1658 seuero
587 1620 670 1657 silentia
685 1624 751 1658 noctis

31 1676 66 1720 IV,
79 1674 138 1722 461.)
151 1671 297 1719 solitudinem,
310 1671 428 1708 vastitatem
444 1669 520 1716 maris,
540 1683 565 1707 ac
580 1669 663 1707 labores
681 1670 751 1708 nautis

31 1724 84 1764 illuc
94 1737 160 1777 usque
170 1724 212 1762 iter
221 1735 310 1775 pergere
320 1722 374 1761 ausis
385 1720 520 1760 exantlandos
530 1720 623 1760 innuit.“

53 1809 54 1812 ¹
83 1789 115 1829 37.
141 1789 216 1840 neque]
231 1787 261 1825 sic
278 1786 340 1826 Wak.
359 1799 407 1825 cum
420 1784 481 1826 Vind.
497 1786 557 1826 Poor.
569 1785 618 1824 Brit.
629 1786 649 1825 2.
660 1786 680 1826 3.
693 1786 749 1826 Cant.

33 1840 86 1878 Brix.
98 1844 146 1879 Ver.
157 1842 208 1878 Ven.
218 1839 263 1876 Ald.
274 1840 293 1877 1.
305 1841 367 1885 Bon,
381 1837 443 1888 vulgo
454 1851 497 1875 nec.
725 1848 727 1851 ·

84 1893 116 1930 39.
143 1892 230 1938 Si‘rzort]
243 1889 309 1940 Lugd.
321 1892 339 1928 1.
349 1891 368 1928 2·
380 1891 421 1926 Sed
430 1903 481 1934 non,
497 1886 557 1924 Bodl.
569 1889 616 1926 Non
627 1890 663 1924 sie.
677 1907 702 1915 -
716 1891 749 1925 ri-

32 1941 78 1990 ctu]
92 1942 156 1993 Lugd.
167 1943 185 1981 1.
193 1944 212 1982 2,
224 1943 284 1979 Poor.
301 1941 360 1979 Cant.
370 1939 423 1979 Brir.
436 1940 483 1978 Ver.
494 1939 545 1976 Ven.
557 1940 639 1986 iuncto,
653 1936 662 1986 (
669 1937 725 1987 quod
737 1950 748 1975 e

31 1996 101 2032 tincto
116 2001 239 2044 corruptum
254 1992 356 2040 videtur).
369 2012 396 2018 ——
409 1989 469 2043 quid]
483 1989 540 2026 Bodl.
554 1992 614 2028 Poor.
627 1990 684 2028 Cant.
700 1990 748 2028 Ver.

31 2045 84 2081 Ven.
96 2045 141 2080 Ald.
153 2047 171 2082 1.
183 2048 232 2090 Bon.
244 2047 279 2097 qui
285 2072 291 2092 ,
304 2043 318 2081 i.
329 2056 347 2083 e.
359 2041 465 2093 quomodo
470 2054 476 2089 3
491 2040 547 2091 quod
556 2040 608 2077 ferri
616 2047 696 2091 posset,
709 2041 749 2077 nisi

31 2095 80 2133 libri
88 2096 186 2133 meliores
196 2097 311 2133 obstarent.
447 2125 448 2128 .

83 2143 116 2187 40.
130 2148 232 2197 satiatem]
245 2148 303 2186 Cant.
311 2147 433 2185 sutietatem.
449 2142 508 2181 Gonf.
518 2146 543 2190 II,
555 2143 612 2181 1038.
625 2148 646 2180 et
657 2143 681 2191 V,
690 2143 747 2183 1390.

83 2208 116 2248 41.
141 2213 216 2262 scutit]
230 2214 291 2250 Poor.
300 2210 349 2249 Brit.
358 2210 377 2249 2.
388 2217 465 2254 scatet,
479 2205 536 2244 Bodl.
547 2205 595 2244 Brit.
605 2207 625 2243 2.
635 2206 688 2243 Brix.
699 2207 747 2244 Ver·

31 2260 83 2297 Ven.
99 2265 172 2310 sentit,
186 2264 230 2300 Ald.
242 2266 260 2302 1.
279 2266 328 2301 Bon.
346 2271 408 2299 senet.
432 2258 493 2295 Conf.
506 2259 529 2302 V,
541 2257 640 2296 597.950.
656 2260 689 2307 VI,
702 2260 746 2297 892.

31 2310 61 2348 De
71 2311 134 2349 verbo
145 2318 224 2354 sentire
235 2313 309 2352 tertiae
319 2311 402 2361 coniug.
413 2309 468 2347 conf.
478 2307 580 2357 Eutyches
587 2309 680 2348 Gramm.
691 2309 746 2358 apud

30 2361 113 2400 Putsch.
125 2376 145 2411 p.
159 2367 217 2407 2185,
236 2365 285 2414 (ubi
298 2363 374 2403 vitium
387 2369 470 2412 typogr.
484 2361 506 2398 in
519 2360 612 2397 numeris
622 2361 745 2412 paginarum

30 2411 160 2452 Walrefieldo
170 2417 268 2456 fraudem
276 2417 327 2455 fecit
333 2417 352 2466 );
367 2413 423 2466 quod
431 2424 481 2450 vero
490 2418 621 2450 structuram
630 2412 687 2451 verbi
697 2423 744 2449 cum

31 2463 122 2512 genitivo
136 2467 220 2521 attinet,
235 2470 292 2509 conf.
305 2467 401 2507 Ruddim.
411 2470 460 2505 Inst.
472 2465 509 2503 Gr.
520 2466 548 2502 ΙΙ.
557 2477 578 2513 p.
591 2466 635 2503 189.

61 2533 177 2564 monemus.
555 2522 589 2560 Iil
