1690 2654
73 88 121 135 568
209 88 369 132 ADDENDA
384 89 427 130 ET
442 89 663 132 EMENDANDA.

124 198 170 242 384.
197 213 211 239 a
220 199 314 239 Bentleio
324 200 369 237 sine
379 212 441 238 cause
450 200 527 238 idonee
537 201 619 251 spurius
630 200 728 239 habetur.

124 254 171 294 390.
198 255 228 290 De
238 253 331 290 lectione
342 255 441 306 Compleri
453 253 509 291 conf.
520 260 601 292 annott.
612 254 639 291 ad
649 256 685 299 VI,
697 253 740 293 697.

124 306 170 346 398.
197 304 253 344 Alios
268 305 372 356 quosdam·
386 304 441 342 viros
456 306 529 343 doctos
540 305 580 343 hec
595 306 621 343 de
636 318 660 342 re
670 305 794 343 disserentes
842 322 843 336 1

70 370 140 408 nuper
149 357 235 397 demum
246 357 340 398 laudavit
350 357 452 396 otharius
467 357 489 396 in
501 357 598 396 Seehodii
612 356 664 411 nihl.
677 357 723 397 crit.
734 358 793 398 1828.

71 410 105 448 oh.
120 411 151 449 15.
159 423 180 461 p.
191 413 236 451 116.

124 474 170 516 413.
196 472 295 523 haustus]
313 472 372 513 Bodl.
388 475 479 520 haustis,
496 472 628 512 Wakefieldo
640 472 794 524 iudice,.haud

72 527 173 567 deterius.
199 526 266 565 Bentl.
277 525 332 563 coni.
347 528 412 576 largis
421 530 506 566 haustos
515 543 526 566 e
536 528 630 578 fontibus
640 542 715 567 amnes.

124 577 171 620 429.
198 577 257 617 cont.
268 577 296 615 ad
305 578 341 627 IV,
354 578 400 617 505.
784 614 787 621 ,

124 631 170 673 430,
197 631 274 683 snpra]
289 631 337 668 Ver.
350 630 401 669 Ven.
412 628 456 666 Ald.
470 629 488 668 1.
500 630 549 669 Bon.
561 644 646 684 supera,
660 629 722 670 Bodl.
733 629 794 670 Poor.

70 683 121 723 Brit.
135 688 153 725 1.
163 686 182 725 3.
193 686 251 722 Cant.
261 681 314 719 Brix.
327 693 420 733 superat,
441 687 524 731 arrepta
539 682 607 732 prima
618 682 676 720 vocis
687 681 793 733 sequentis

70 737 146 785 litera3
161 747 225 787 quare
239 734 330 771 fortasse
340 734 412 777 forma
422 748 497 786 supera
506 733 542 771 iiic
553 734 701 784 praeferenda,
717 746 793 785 quarn-

71 802 136 840 quem
145 785 203 827 infre
213 801 232 828 v.
241 788 298 833 532„
310 785 347 823 ubi
356 785 391 824 hic
400 798 471 824 versus
480 784 581 833 iteratur,
594 786 720 837 scripturam
731 801 793 839 supro

72 854 145 887 omnes
154 842 205 880 fere¹
212 838 276 888 Godd.
286 843 380 878 tuentur.
409 837 482 886 (Gonf.
495 838 559 876 etiam
570 838 597 876 ed
606 839 643 886 IV,
654 836 713 887 674.)

122 903 168 946 468.
190 905 294 959 fuerunt]
308 903 339 940 sic
349 902 409 941 8831(Ι
421 901 486 940 edidit
498 914 509 939 e
519 902 584 954 Lngd.
596 904 615 944 1.
629 903 700 951 Gon„
720 901 793 952 aqui-

70 957 110 995 bus
123 970 173 995 vere
188 970 232 995 non
248 956 342 993 dissentit
356 954 423 1007 Lugd.
438 957 470 1002 2.,
487 955 566 1007 fuerit,
585 954 599 994 i.
616 967 633 994 e.
646 957 721 1004 fnerdt
736 953 793 992 exhi-

70 1009 133 1054 bens:
151 1010 215 1061 vulgo
223 1008 293 1061 fuere.

123 1061 168 1104 483.
195 1061 257 1100 Redit
266 1060 302 1097 hie
310 1071 381 1097 versus
392 1058 449 1097 infra
457 1059 503 1098 506.

123 1111 163 1152 484
173 1127 199 1152 ss.
226 1111 287 1151 Conf.
300 1110 384 1162 Epicuri
395 1112 453 1161 epist.
462 1109 489 1147 ad
501 1109 577 1148 Herod.
586 1110 605 1160 §.
616 1110 636 1150 7.

124 1163 170 1205 487.
198 1163 258 1203 Wak.
269 1176 318 1201 cum
329 1162 395 1214 Lugd.
404 1165 422 1201 1.
433 1164 453 1202 2.
466 1163 523 1201 Gon.
534 1166 660 1214 Stringnere.

124 1215 169 1256 488.
195 1216 234 1254 sub
244 1215 554 1265 fin.lege:·--rarasunt.
582 1211 791 1264 (Conf.1‚488.11,

71 1266 117 1312 167,
131 1273 178 1317 III,
192 1268 237 1307 767.
252 1269 285 1314 IV,
295 1265 339 1306 144.
352 1264 397 1304 523.
411 1267 511 1314 8,,2625.
523 1265 590 1303 etalii
601 1266 664 1316 loci.)

122 1318 168 1363 492.
190 1320 298 1373 ferventi]
316 1319 346 1356 sio
359 1321 409 1356 Hav.
427 1325 448 1355 et
457 1317 518 1355 Wak.
532 1331 580 1355 cum
590 1319 658 1369 Lugd.
670 1321 688 1358 1.
698 1321 717 1360 2.
735 1320 792 1361 Gott.

70 1370 129 1410 Bodl.
142 1374 201 1411 Poor.
212 1372 261 1412 Brit.
273 1372 290 1409 1.
303 1373 321 1413 2.
332 1371 389 1409 Brix.
401 1371 451 1413 Ver.
463 1371 527 1421 Ven.‚
541 1370 645 1421 probante
655 1372 718 1410 etiam
728 1373 792 1410 Bent-

70 1423 125 1472 leio3
139 1425 201 1476 vnigo
211 1425 326 1477 ferventia.

123 1488 168 1530 494.
196 1487 262 1540 aeris]
281 1486 342 1528 BodI.
353 1487 413 1529 Vind.
428 1489 481 1529 Brix.
496 1488 542 1528 Aid.
554 1489 571 1528 1.
585 1492 649 1538 acris,
663 1492 726 1530 Poor.
740 1493 790 1530 Bon.

70 1542 127 1579 lunt.
140 1541 211 1581 Aloe.
227 1544 278 1580 acri.
304 1542 365 1581 Wek.
382 1548 491 1593 comparat
507 1543 569 1580 Hom.
586 1541 608 1580 Il.
620 1542 644 1591 V,
656 1543 688 1583 75.
709 1541 792 1595 ψυχρὸν,

70 1591 153 1643 χαλκόν·
160 1601 181 1632 et
192 1597 242 1634 stat.
252 1594 317 1631 Theb.
327 1597 364 1643 XI,
373 1593 419 1635 545.
425 1594 484 1645 ferri
489 1594 573 1645 frigore
583 1597 674 1634 territus.

25 1671 28 1673 -
123 1643 168 1686 499.
196 1645 334 1695 neraissodl.
349 1651 397 1686 Ver.
413 1648 464 1687 Ven.
480 1645 525 1683 nld.
541 1648 558 1687 1.
574 1647 627 1685 Bon.
643 1663 706 1693 rara5
726 1660 791 1699 quere

70 1696 131 1735 Wak.
143 1697 260 1748 suspicatur
271 1700 335 1747 clara,
348 1699 433 1736 laudato
444 1702 513 1736 Burin.
525 1698 552 1735 ad
562 1699 620 1737 ovid.
630 1700 680 1738 Met.
691 1701 733 1751 VII,
745 1702 791 1742 622.

122 1750 168 1789 501.
197 1749 259 1786 Conf.
268 1750 351 1799 Epicuri
361 1752 419 1802 epist.
432 1751 459 1788 ad
468 1750 544 1789 Herod.
556 1751 572 1800 8.
582 1751 601 1790 7.

122 1802 168 1842 505.
195 1801 262 1840 Bentl.
278 1807 299 1839 et
308 1802 368 1841 Wak.
384 1803 500 1851 mirantur,
515 1803 638 1841 Lucretium
653 1804 792 1855 perspicuita-

69 1851 96 1889 tis
107 1866 169 1891 causa
178 1866 222 1892 non
232 1853 338 1904 scripsisse
349 1858 409 1908 longe
419 1866 495 1902 rernm,
508 1854 577 1892 verbis
589 1857 725 1907 transpositis.

123 1907 168 1946 538.
195 1905 263 1943 Faber
278 1919 318 1957 pro
333 1910 366 1947 his
380 1909 439 1947 rebus
459 1906 513 1946 coni.
527 1909 602 1947 ictibus
616 1911 677 1959 haec,
704 1915 762 1948 reete
779 1923 792 1949 a

68 1957 135 1996 Bentl.
145 1957 255 1998 refutatus.
283 1962 342 2007 „His
350 1961 415 2010 rebus,
429 1960 473 1998 scil.
484 1958 581 2009 humore,
595 1960 682 2012 frigore,
695 1962 764 2014 igni.“

121 2020 165 2061 548.
192 2022 250 2060 Adde
264 2023 375 2063 Ruhnken.
385 2023 412 2061 ad
422 2023 486 2064 Rutil.
498 2026 551 2075 Lup.
562 2027 588 2073 ΙΙ,
600 2027 632 2075 9.,
646 2027 751 2067 aWakef.
763 2027 791 2066 ad

7 2113 12 2119 ,
68 2074 90 2120 1,
104 2073 290 2116 1039.laudatun1.

121 2122 166 2165 549.
193 2125 248 2164 redit
257 2127 313 2165 infra
324 2140 344 2166 v.
355 2129 401 2168 610.
428 2127 498 2177 (Conf.
511 2128 575 2167 etiem
587 2132 602 2177 Ι,
613 2130 658 2171 575.
665 2136 690 2168 et
700 2133 725 2181 II,
737 2132 790 2182 156.)

122 2177 167 2217 558.
192 2178 260 2217 Faber
271 2180 315 2217 sine
328 2193 391 2218 eausa
402 2180 456 2218 coni.
467 2182 511 2219 dies
521 2192 541 2220 et
558 2183 647 2230 Infinita
659 2194 725 2225 aetas.

122 2231 167 2269 569.
193 2231 296 2270 Bentleius
308 2232 365 2270 hunc
376 2245 460 2270 versum
471 2233 567 2283 spurium
577 2233 657 2274 habuit.
707 2261 710 2263 -

122 2281 168 2335 578.
195 2284 269 2334 omnis]
284 2284 349 2322 Bentl.
362 2284 416 2323 coni.
428 2288 488 2324 omni.

121 2333 187 2373 *621
214 2334 261 2383 lege
279 2335 436 2389 διςσυλλάβως.

104 2432 105 2435 ¹
121 2386 166 2425 636.
178 2392 198 2423 et
211 2388 267 2434 637„
287 2401 329 2434 uno
342 2390 406 2428 verbo
416 2394 509 2440 mutato,
528 2387 632 2428 iterantur
641 2403 661 2431 v,
673 2391 712 2432 706
722 2403 738 2430 s.
744 2404 750 2440 ;
768 2404 789 2433 V.

69 2437 113 2477 638,
126 2449 174 2475 vero
189 2438 244 2485 redit
253 2443 282 2488 ΙΙ,
297 2443 342 2482 176.

120 2491 165 2531 668.
192 2493 222 2529 De
232 2493 296 2531 verbo
308 2509 412 2548 reparoere
426 2493 467 2535 vid.
482 2492 580 2536 Ruddim.
591 2497 605 2533 Ι.
616 2506 636 2546 p.
646 2495 691 2537 229.
701 2501 745 2538 not.
755 2493 787 2536 48.
