1690 2654
229 72 604 140 '‘suuruouuomusuu.
672 103 673 106 =
734 86 782 131 405

62 196 113 235 Hav.
132 201 153 235 et
167 196 239 245 Wak,
258 211 330 238 omues
350 198 415 237 libros
434 198 529 249 sequuti;
547 197 644 249 vulgares
659 195 717 235 editt.
735 198 781 249 opu'

61 258 116 288 sum.
131 270 152 277 —
168 252 286 303 quoiquam]
301 251 361 288 Vind.
372 252 421 288 Brit.
429 253 448 292 3.
461 252 518 289 Cant.
528 250 581 287 Brix.
592 252 638 290 Ver.
647 251 697 288 Ven.
708 249 754 289 Ald.
762 252 782 289 1.

61 299 114 338 Bon.
127 304 208 355 cuique,
222 303 279 352 quod
288 303 348 341 Wala.
359 304 441 353 probat.

111 352 157 391 231.
184 364 206 391 ar
221 353 256 403 ue]
271 356 317 392 Ver.
332 357 383 393 len.
399 354 444 391 Ald.
455 354 472 392 1.
490 355 540 389 Bon.
550 366 588 399 aa,
603 352 660 402 quod
671 361 729 392 certe
739 367 780 392 no-

61 401 155 442 tandum.
170 368 222 453 (Viti.
230 418 284 455 quae
291 406 339 455 adl,
346 408 390 454 889.
403 412 424 444 et
434 404 491 442 iufra
498 403 524 441 ad
531 402 605 451 V,343.
616 404 780 456 disputavimus.)

111 453 157 494 234.
186 459 236 504 Quei
249 457 310 496 Wak.
324 458 389 495 edidit
405 470 454 495 cum
471 455 566 506 plurimis
582 455 651 505 libris,
666 457 737 496 locum
750 458 781 496 sic

60 505 220 556 interpretatus:
239 509 318 559 „quasi
333 509 375 547 sint
390 509 405 545 ii
419 508 548 554 animantes,
562 507 636 558 quibus
651 522 740 559 corpora
760 516 781 548 et

60 556 181 595 habitacula
192 557 233 595 sint
242 560 333 598 vestibus
343 561 448 610 armisque
460 559 598 598 defendenda.
605 560 617 579 ‘⁴
635 560 700 612 Vulgo
714 566 780 613 Quoia,

60 615 85 646 ut
93 608 143 647 Brit.
156 611 173 648 1.
186 614 273 649 Iuntaet
281 612 326 649 Ald.
336 614 367 659 2.;
381 612 426 649 Ald.
440 613 458 651 1.
469 613 518 649 Bon.
532 616 594 661 Quae.

111 661 157 700 235.
182 663 213 699 De
224 664 380 701 constructione
391 663 504 701 verborum
514 666 637 716 Natumque
649 665 738 704 daedala
748 682 780 704 re-

60 727 115 761 rum,
129 725 193 763 quam
208 713 269 754 Wak.
285 710 405 765 ambiguam
418 715 479 760 dicit,
492 727 576 765 prorsus
586 727 629 752 non
641 727 688 752 sum
699 716 779 765 dubius,

60 776 126 814 quum
135 776 178 802 non
187 764 255 802 solum
266 765 311 817 ipsa
320 765 565 813 verborumeollocatio,
575 765 612 803 sed
622 764 686 811 etiam
695 767 738 806 loci
748 770 779 817 IV,

59 816 105 856 551.
117 822 138 853 et
147 819 171 864 II,
183 817 228 856 505.
243 824 314 869 aperte
325 818 482 867 demonstrent,
496 833 564 858 rerum
574 830 677 867 nonaum
687 822 779 869 Natura,

59 867 97 905 sed
107 880 156 907 cum
168 869 256 907 daedala
266 881 309 907 esse
320 869 491 908 construendum.
685 868 697 882 's
819 869 822 872 ’

110 921 133 957 V.
143 920 199 959 237:
214 921 293 959 Nonius
305 922 388 960 exhibet
398 923 429 970 IV,
441 923 461 962 2.
475 925 508 972 (p.
520 920 564 961 616.
576 919 654 968 Goth.)

110 969 156 1011 240.
184 975 264 1020 eadem,
278 973 323 1012 scil.
332 973 376 1022 via,
391 973 458 1011 omnis
467 980 542 1011 natura
551 972 625 1009 mundi
635 971 700 1010 dehet
709 973 780 1012 nativa

60 1027 81 1061 et
91 1022 187 1060 mortalis
200 1024 281 1073 putari,
295 1031 319 1063 ut
329 1026 390 1064 Wak.
403 1024 499 1074 explicat,
514 1023 550 1075 qui
560 1023 640 1073 primus
649 1023 704 1063 liano
713 1026 780 1063 libro-

59 1086 108 1111 rum
122 1073 235 1112 lectionem
247 1076 343 1114 'restituit
348 1091 354 1125 3
370 1077 411 1114 duo
423 1076 496 1116 Lamb.
507 1075 574 1113 Codd.
586 1076 652 1114 Debet
663 1080 731 1115 omnia
742 1093 779 1116 aa·

59 1128 117 1175 clem,
130 1125 197 1177 Lugd.
209 1128 229 1166 2.
245 1129 311 1166 Debet
326 1132 391 1168 omnis
408 1130 473 1177 idem,
486 1130 540 1165 [unt.
554 1130 612 1165 Haec
625 1129 696 1165 eadem
713 1130 778 1168 delet.

57 1177 124 1228 Vulgo
136 1179 202 1216 Debet
216 1181 357 1228 totaeadam,
372 1180 466 1218 etant.
481 1179 616 1224 coniectura3
632 1177 700 1219 Gifan.
713 1182 779 1219 Debet

57 1231 126 1268 eodem
140 1229 180 1276 (sc.
194 1233 298 1280 corpore)
313 1234 388 1282 omnis,
401 1231 459 1283 quod
474 1230 526 1269 dicit
542 1229 564 1268 in
579 1235 629 1268 vett.
642 1229 701 1268 libris
717 1243 778 1282 repe-

56 1280 106 1331 riri,
120 1280 191 1319 nescio
205 1294 231 1319 an
241 1294 296 1321 vere.

109 1330 155 1372 ala.
182 1337 252 1373 nativo
265 1339 286 1374 in
302 1336 420 1374 mortalibus
431 1333 492 1375 Wak.
505 1333 569 1371 edidit
580 1346 591 1370 e
604 1333 658 1371 cont.
668 1334 717 1373 satis
727 1347 777 1385 pro-

57 1383 135 1432 babili,
157 1384 191 1422 cui
206 1385 310 1424 librorum
324 1386 410 1437 vestigia
428 1385 543 1424 admodum
560 1384 702 1435 opitulantur3
725 1399 777 1425 nam

57 1435 103 1473 Ald.
115 1437 133 1474 1.
146 1438 196 1473 Bon.
208 1438 262 1479 Iunt.
278 1442 349 1478 nativo
362 1439 519 1486 immortalibus,
532 1439 592 1474 Poor.
603 1440 674 1476 nativo
684 1441 777 1478 mortali·

57 1488 94 1524 hus
107 1488 116 1534 (
123 1490 145 1526 in
156 1488 258 1537 omisso),
272 1489 338 1541 Lugd.
348 1491 367 1528 1.
378 1493 469 1528 nativam
477 1490 603 1534 mortalibus,
616 1488 671 1526 unde
683 1489 705 1527 in
717 1490 776 1529 Bodl.

56 1537 115 1577 vind.
126 1539 178 1578 Brit.
190 1541 208 1578 1.
220 1542 238 1580 2.
248 1542 268 1579 3.
282 1543 343 1579 Cant.
356 1541 409 1578 Brix.
423 1543 470 1578 Ver.
487 1543 536 1580 lien.
551 1543 642 1578 nativum
657 1543 775 1581 mortalibus

56 1587 144 1627 factum.
171 1591 238 1642 Vulgo
249 1596 319 1631 nativo
331 1603 351 1631 er
360 1593 486 1639 mortalibus,
496 1598 569 1629 contra
579 1603 651 1628 omnes
663 1591 735 1630 libros.

108 1639 154 1681 246.
180 1642 240 1691 idem]
257 1644 353 1681 Omnium
363 1650 413 1682 vett.
425 1643 574 1693 exemplarium
584 1642 649 1679 sidem
661 1656 710 1681 cum
719 1643 775 1694 vulg.

57 1690 115 1730 editt.
127 1699 148 1729 et
158 1693 235 1732 Eichst.
247 1702 346 1746 sequutus
360 1708 413 1733 sum.
439 1695 499 1734 Wak.
511 1701 582 1732 autem
593 1694 674 1744 recepit
685 1695 777 1733 Bentleii

57 1743 202 1783 coniecturam
215 1748 274 1792 irem,
288 1760 352 1797 quam
361 1747 397 1784 ille
406 1747 454 1784 loco
464 1749 495 1794 Vl,
505 1748 550 1786 757.
563 1745 676 1784 defendere
686 1748 763 1785 studet.

68 1796 70 1798 ’
107 1794 153 1835 248.
180 1813 205 1836 ua
214 1799 350 1850 corripuisse]
363 1798 394 1836 sic
404 1811 477 1836 omnes
487 1798 537 1836 libri
547 1798 607 1835 nobis
622 1798 708 1849 cogniti,
724 1812 776 1849 quo-

56 1856 104 1883 rum
114 1848 261 1887 auctoritatem
273 1849 469 1900 nonsprevitWak.
483 1871 510 1878 -
523 1850 602 1898 Lamb,
615 1862 679 1899 quum
690 1850 711 1887 in
721 1863 775 1887 uon-

56 1897 118 1934 uullis
127 1898 187 1936 libris
197 1900 308 1938 invenisset
317 1917 341 1940 ne
351 1905 474 1955 arripuisse,
488 1902 566 1939 effinxit
577 1917 602 1939 ne
613 1917 643 1938 me
656 1905 774 1953 arripuisse,

57 1949 113 1997 quod
123 1950 219 2002 vulgares
230 1952 289 1991 editt.
297 1965 369 1990 omues
379 1959 528 2004 propagarunt.
543 1952 614 1990 Gifan.
621 1955 701 1991 etVoss.
708 1953 733 1990 de
741 1965 775 1990 ar-

55 2005 77 2036 te
88 2012 177 2050 gramm.
190 2007 213 2051 ll,
224 2006 255 2043 16.
266 2005 390 2055 praeferunt
398 2004 479 2042 hiatum
489 2004 510 2041 in
520 2004 610 2042 lectione
621 2019 646 2043 ne
657 2006 774 2058 arripuisse.

80 2101 90 2138 f
107 2053 151 2093 251.
165 2060 258 2099 ,Rursus
272 2056 299 2094 ad
316 2063 429 2108 utrumque
448 2057 536 2095 verbum
553 2058 614 2108 gigni
630 2062 651 2094 et
665 2072 775 2109 augescere

55 2112 78 2138 re
90 2114 141 2141 eras.

106 2155 152 2193 252.
178 2172 219 2196 rzou
230 2159 299 2208 nulla]
314 2160 375 2199 Poor.
386 2158 439 2198 Brit.
448 2161 466 2198 2.
481 2158 537 2197 Brirt.
549 2174 590 2197 non
601 2159 650 2196 ulla.

106 2206 151 2245 253.
177 2208 211 2246 De
227 2210 303 2260 plurali
318 2213 381 2258 soles,
396 2211 432 2261 qui
448 2211 503 2248 redit
514 2213 550 2256 tt,
563 2211 619 2248 1101.
634 2215 655 2246 et
666 2211 723 2250 1218.
738 2211 774 2259 (in

56 2266 97 2303 quo
109 2256 176 2295 altero
185 2260 233 2299 loco
245 2275 283 2310 pro
294 2265 337 2302 dies
347 2264 487 2312 usurpatur),
502 2262 557 2299 conf.
569 2260 664 2299 Ruddim.
674 2263 725 2303 Inst.
738 2265 773 2301 Gr.

55 2307 72 2343 l.
82 2317 102 2354 p.
114 2308 158 2347 135.
169 2318 212 2351 not.
225 2315 269 2353 100.
280 2321 301 2351 et
311 2313 406 2351 Schneid.
419 2316 454 2351 Gr.
466 2315 510 2354 Lat.
520 2316 543 2350 ll.
555 2326 574 2363 p.
585 2314 631 2351 391.

55 2359 164 2448 ΒἛ2Ξ5.3
180 2365 315 2417 dispergunt]
342 2365 414 2413 Wak,
438 2371 462 2403 ul:
482 2366 548 2415 solet,
569 2367 702 2418 dispargunt,
724 2377 772 2402 eum

74 2418 107 2445 ri.
135 2438 139 2446 .
166 2437 171 2446 .

108 2458 184 2503 15256.
198 2478 248 2504 cum
258 2468 327 2519 prima
335 2466 387 2509 voce
397 2468 501 2520 sequentis
515 2468 602 2508 affertur
610 2465 771 2515 aNouioIlLssl.
