1690 2654
237 122 239 125 .
270 63 281 98 ³
322 58 429 134 creua
449 89 466 132 1.
522 73 523 76 ’

83 204 113 242 Et
121 202 171 241 velit
179 201 258 250 ,ardoris
268 205 361 241 naturam
366 201 455 252 linquere
465 201 536 249 solam,

87 256 152 303 Quam
160 258 219 304 neget
230 250 272 293 esse
280 254 354 305 igneis,
367 265 466 292 summam
475 257 542 291 tamen
553 263 594 290 esse
603 248 718 300 relinquet?

86 304 155 355 Aequa
164 306 242 343 videtur
252 306 304 344 eninr
315 305 412 342 dementia
423 304 488 342 dicere
497 305 607 354 utrumque.
713 299 753 340 705

101 398 103 401 ⁸
113 358 244 405 Quapropter,
259 358 304 405 quei
315 356 418 403 materiem
427 368 494 394 rerum
504 369 548 393 esse
555 357 650 404 putarrmt

86 409 165 458 Ignem,
179 412 237 455 utque
247 421 270 445 ex
280 408 323 458 igni
334 419 434 446 smnmnm
443 407 547 444 consistere
554 419 622 456 posso5

53 488 55 492 ψ
86 461 113 499 Et
123 459 169 509 quei
176 459 294 508 principiam
304 458 422 509 gignundeis
435 459 482 496 ae'ra
492 459 551 496 rebus
674 507 676 509 ‚

87 511 220 557 Constituere3
235 515 268 549 aut
278 512 383 550 humorem
394 510 537 560 queiquomque
546 511 641 560 putarunt

86 563 172 612 Fingere
182 574 213 599 res
223 561 288 611 ipsum
296 575 331 612 per·
343 575 373 609 se,
387 565 485 613 terramve
491 574 558 600 creare
580 559 587 576 ²
712 557 753 599 Ἀθ

87 614 168 660 Omnia,
183 614 230 651 etin
243 627 311 652 reremr
321 618 401 652 uatmas
411 613 486 652 vertier
495 614 582 660 omneis3

86 665 207 716 Magnopere
218 677 231 703 a
240 678 287 704 tero
296 666 364 716 longci
374 666 462 703 derrasse
473 666 571 703 videntur.

111 718 166 755 Adde
176 716 248 765 etiam,
262 719 308 767 quei
316 717 453 766 conduplicant
461 717 571 767 primordio
586 726 660 763 rerum,
697 760 699 763 .

85 770 137 808 Aera
145 769 247 819 iungentes
256 769 299 820 igni
311 772 422 817 terramque
429 768 512 816 liquori3
669 777 671 780 ’

85 822 111 859 Et
121 820 166 869 quei
174 824 257 869 quatuor
270 834 292 858 ex
301 822 360 858 rebus
368 833 425 869 posse
434 821 500 858 omnia
510 823 584 867 rentur,
709 813 749 855 715

85 874 115 911 Ex
126 872 178 922 igni⁷
192 875 245 908 terra
257 876 315 921 atque
324 872 400 918 anima,
413 884 548 921 procrescere,
562 875 582 909 et
592 869 659 908 imbri.

82 925 174 972 'Quorum
184 919 331 974 Agragantinas
340 937 385 961 cum
395 923 464 972 primis
469 923 605 973 ‘Empedocles
616 926 658 969 est3

84 976 151 1014 Insula
160 988 218 1023 quem
227 975 324 1024 triquetris
329 978 433 1013 ,terrarum
444 975 505 1025 gessit
516 976 537 1012 in
549 974 598 1021 oris,
660 976 662 979 '

85 1028 149 1075 Quam
159 1026 238 1063 fluitans
246 1028 325 1063 ,circum
333 1026 412 1076 inriguis
421 1026 550 1065 amfractibus
560 1037 633 1076 aequor
682 1024 684 1027 ⁴

84 1078 162 1117 Ionium
172 1077 247 1127 glaucis
260 1078 359 1127 adspergit
368 1078 423 1115 uirus
432 1078 458 1115 ab
469 1078 532 1125 undis,
615 1077 618 1090 ³

84 1129 209 1179 Angustoque
220 1129 273 1167 fretu
283 1129 375 1178 rapidum
386 1125 442 1167 mare
453 1129 523 1169 dividit
530 1127 588 1169 mdis

48 1208 50 1211 -
83 1179 164 1219 Aeoliae
174 1185 271 1217 terrorum
282 1192 327 1218 oras
338 1193 350 1218 a
360 1180 432 1227 finibus
443 1180 495 1219 eius:

83 1233 123 1270 Hic
131 1235 160 1269 est
170 1234 226 1269 vasta
236 1232 358 1283 Charybdis,
369 1235 392 1270 et
404 1233 438 1269 hic
446 1232 640 1279 Aetnaeamiuantur
660 1253 662 1255 v

57 1329 59 1331 v
83 1284 198 1329 Murmura,
210 1283 337 1322 flammarmn
346 1297 426 1322 rursum
437 1296 458 1321 se
468 1286 563 1334 colligere
571 1285 619 1330 iras,
735 1328 745 1339 ,

84 1335 184 1373 Faucibus
194 1340 272 1384 eruptos
283 1336 356 1374 iterum
364 1335 394 1373 vis
405 1339 428 1374 ut
436 1340 505 1375 vomat
513 1335 585 1387 igneis,
709 1329 748 1370 7251

83 1387 115 1425 Ad
127 1387 240 1435 coelumque
250 1389 301 1426 ferat
311 1388 400 1425 flammai
407 1388 489 1438 fulgura
498 1400 583 1426 rursum.

40 1440 42 1444 '
84 1439 140 1488 Quae
152 1451 211 1485 quom
223 1451 296 1489 magua
304 1439 367 1477 modis
377 1439 444 1476 multis
453 1440 544 1477 miranda
553 1438 631 1478 videtur

84 1489 179 1528 Gentibus
187 1490 280 1529 humanis
289 1491 355 1541 regio,
367 1490 488 1540 uisundaque
494 1491 562 1538 Fertur,

83 1541 151 1592 Rebus
160 1541 227 1590 opima
235 1542 297 1590 bonis,
310 1543 373 1580 mirlta
383 1542 459 1581 munita
468 1542 534 1581 virdm
544 1542 575 1581 vic
598 1583 599 1586 Ἴ
614 1560 615 1563 “
632 1557 636 1562 ·

83 1593 117 1631 bil
126 1596 190 1630 tamen
201 1594 240 1631 hoc
250 1595 342 1642 habuisse
351 1595 395 1631 viro
407 1595 527 1644 praeclarius
536 1595 558 1632 in
567 1606 595 1641 se,

83 1644 124 1683 Nee
133 1648 220 1682 sanctum
232 1646 296 1697 magis
305 1650 324 1684 et
336 1646 410 1684 mirum
420 1659 532 1695 carumque,
538 1646 622 1685 uidetur.

84 1696 177 1734 Carmina
187 1696 233 1745 quin
246 1698 306 1737 etiam
311 1698 375 1736 diuini
384 1696 468 1748 pectoris
478 1699 520 1738 eius

82 1747 230 1796 Vociicrantur,
244 1753 263 1787 et
273 1754 370 1799 exponunt
377 1751 481 1799 praeclara
490 1752 582 1800 reperta;
601 1777 603 1779 -

83 1800 110 1836 Ut
120 1799 154 1836 vin
165 1800 253 1839 humano
260 1802 350 1839 videatur
359 1803 419 1850 stirpe
429 1807 511 1840 creatus.

83 1849 123 1889 Hie
133 1853 198 1889 tamen
212 1855 239 1898 et,
253 1866 312 1902 snpra
324 1867 372 1902 quos
384 1853 480 1901 diximus,
493 1852 595 1892 inferiores

68 1925 74 1928 κ
83 1901 174 1940 Partibus
187 1900 268 1955 egregie
276 1905 352 1953 inultis,
369 1906 472 1953 multoque
481 1905 574 1952 minores,

83 1954 217 2008 Quamquam,
231 1958 294 1995 multa
304 1959 353 1995 benc
362 1969 385 1995 ac
395 1957 486 1995 divinitus
497 1956 623 2005 invenientes,
668 1973 671 1978 Δ

36 2045 38 2049 ,
83 2004 113 2042 Ex
124 2007 184 2055 adyto
196 2008 289 2056 tanquam
300 2009 364 2046 cordis
376 2021 468 2058 responsa
480 2009 550 2047 dedere
572 2033 575 2038 -

83 2055 182 2106 Sanctius,
193 2060 283 2100 et'multo
293 2064 347 2099 certa
356 2060 432 2099 ratione
441 2060 517 2112 magis,
531 2071 590 2109 quam

83 2106 166 2156 Pythia,
180 2122 230 2159 quae
240 2112 315 2162 tripode
325 2125 348 2150 ex
356 2112 434 2150 Phoebi
440 2112 536 2161 lauroque
547 2111 649 2161 profutur3

82 2158 186 2209 Principiis
200 2166 266 2202 tamen
277 2165 298 2201 in
306 2177 373 2202 rerum
381 2165 446 2202 fecere
455 2164 528 2211 ruinas,

83 2209 298 2268 Etgrauitermagnei
309 2219 382 2266 magno
393 2215 480 2259 cecidere
488 2215 517 2268 ibi
528 2228 585 2253 casu:

83 2259 184 2311 Primum,
197 2267 249 2315 quod
261 2271 335 2314 motus,
347 2269 423 2305 exemto
433 2267 492 2314 rebus
502 2266 563 2314 inani,

85 2311 218 2371 Comfituunt,
232 2322 251 2363 ct
260 2332 291 2357 res
304 2319 381 2357 molleis
393 2322 487 2367 rarosque
498 2318 617 2368 relinquunt,

84 2361 146 2416 ΛΡΜ,
160 2368 231 2414 solem,
244 2371 324 2421 ignem,
338 2374 411 2417 terras,
424 2370 530 2419 animalia,
543 2371 623 2420 fruge53

83 2411 124 2473 bec
133 2418 198 2456 tumen
205 2421 313 2461 admiscent
321 2423 342 2461 1’11
354 2435 422 2461 eorum
431 2435 501 2472 eorpus
510 2422 577 2461 inane:
639 2466 641 2468 ¹

83 2464 167 2517 Demde,
181 2473 233 2519 quod
242 2474 321 2513 omnino
331 2475 391 2515 finem
399 2486 438 2513 non
449 2486 491 2516 esse
502 2472 602 2515 secandcis
