1690 2654
99 98 148 153 358
219 128 221 134 2
291 143 293 145 ,
317 101 595 163 auuornriouus

100 212 183 252 criticus
199 209 245 261 ipse
258 209 322 249 etiam
334 211 421 250 sensisse
433 211 523 251 videtur.
550 215 624 251 Sensus
638 219 711 265 aperte
725 214 761 254 hic
772 220 813 255 est:

100 269 175 303 Omnes
184 263 278 306 homines
288 276 321 301 res
331 277 407 313 novas,
420 263 514 315 inprimis
525 265 661 304 miraculosus
672 274 693 305 et
702 274 814 318 portento-

99 329 141 366 sas,
155 315 227 353 audire
237 314 324 366 cupiunt
333 323 355 365 et
365 316 465 368 gaudent.

150 368 195 408 598.
223 372 263 407 Per
277 369 334 416 loca,
352 370 416 421 quae]
440 368 470 406 sic
484 368 545 407 Wak.
562 382 609 407 cum
628 369 694 421 Lugd.
712 372 731 409 2.
753 369 814 408 Vind.

98 421 162 459 Poor.
172 418 223 457 Brit.
231 422 248 459 1.
254 421 273 459 2.
279 421 298 459 3.
311 421 368 460 Cant.
379 421 435 458 Brix.
446 423 500 459 Iunt.
510 428 531 458 et
541 420 597 471 ald,
611 420 709 473 idemque
722 421 761 459 sibi
772 421 814 459 vel-

98 472 119 510 le
135 471 232 510 videntur
245 474 293 512 Ver.
304 473 354 512 Ven.
364 472 409 512 nul.
421 475 439 512 1.
452 479 473 510 et
482 475 542 521 B0n.‚
556 477 596 512 Per
611 475 668 523 loca,
682 489 733 526 quas
752 486 815 524 prae-

98 523 179 563 bentes.
205 523 273 575 Vulgo
286 529 342 574 Quae
353 526 398 563 loca
406 540 453 577 per,¹
467 537 586 576 „perquam
596 524 692 571 inficete,
706 532 730 564 ut
740 525 815 563 rectis-

99 576 152 614 sime
165 575 226 614 Wak.
241 575 332 627 iudicat,
346 576 373 613 ob
389 576 519 614 consimilem
533 576 628 615 ordinem
641 577 741 616 similium
752 590 815 616 voca-

85 625 199 667 'bulorum
209 628 231 665 in
240 635 339 678 sequente
349 640 415 665 versu.
422 630 435 649 “

105 708 107 710 -
151 683 197 720 600.
225 682 360 731 colloquium]
380 679 421 727 sic,
435 679 469 716 vel
482 678 551 727 potius
570 681 709 732 Conloquium,
728 680 816 729 plurimi

99 731 160 780 libri,
173 743 225 781 quos
234 730 294 768 Wak.
304 735 403 780 sequutus
414 736 456 775 est;
471 730 531 766 Vind.
543 733 696 784 Conloquimini,
709 732 739 769 Pii
750 732 813 770 Godd.

99 787 154 822 Iuntz
167 789 188 819 et
197 781 268 822 Aldss.
280 787 327 820 Cum
338 784 447 834 loquimur,
463 781 519 832 qnod
529 781 550 818 in
563 795 635 819 omnes
648 783 706 823 editt.
719 783 815 835 vulgares

99 841 228 885 receptum:
242 834 326 881 Lanu,
347 834 383 884 qui
400 835 542 886 Conloqnimnr
558 833 663 872 edendum
680 834 772 885 curavit,
795 841 816 872 et
841 872 843 875 ,

99 886 137 923 alii
144 886 230 937 quidam
240 898 323 923 versum
333 885 427 934 spurium
438 891 530 933 censent,
545 885 589 923 sine
601 886 756 926 causaidonea.
770 891 815 925 Imo

99 938 160 976 Wak.
168 943 276 987 receptam
286 937 400 975 lectionem
413 944 471 974 recte
482 938 512 974 sic
523 937 627 986 explicare
637 938 729 977 videtur:
744 943 816 986 „Con-

99 990 195 1041 loquium
200 991 251 1041 fieri
261 990 294 1027 vel
304 1005 358 1035 esse,
371 1001 432 1039 saepe
442 988 516 1026 clausis
526 988 619 1037 foribus,
631 990 750 1028 videmus.“

65 1044 66 1047 ’
152 1042 197 1082 602.
222 1040 327 1091 reniteant]
342 1041 371 1078 sic
380 1043 440 1078 Poor.
452 1044 508 1079 Cant.
520 1041 581 1086 lunt.
596 1054 635 1079 nec
647 1042 708 1080 aliter
717 1042 761 1079 iam
769 1041 816 1080 Pius

99 1093 213 1144 legendum
226 1106 269 1131 esse
278 1098 382 1140 suaserat;
396 1093 444 1130 Brit.
453 1094 470 1132 1.
484 1099 505 1130 et
515 1092 586 1132 atde.
598 1105 711 1140 remittant,
726 1094 815 1145 Lugdl.

100 1156 218 1191 recantant,
232 1144 297 1196 Lugd.
304 1147 323 1184 2.
333 1156 452 1191 rerumtant,
468 1144 533 1182 ceteri
543 1144 591 1181 libri
602 1149 715 1184 remittant.
741 1147 771 1182 De
782 1157 817 1183 ra·

99 1196 152 1234 riori
164 1197 267 1234 vocabulo
282 1207 388 1243 renatare,
405 1196 460 1246 quod
475 1195 552 1246 legitur
568 1196 632 1233 etiarn
648 1196 704 1245 apud
718 1197 817 1236 Prudent.

99 1249 194 1286 Hamart.
205 1249 257 1296 774„
269 1254 289 1285 et
299 1247 393 1285 Gifanius
402 1246 450 1284 loco
457 1247 537 1284 Afranii
548 1247 603 1297 apud
612 1249 704 1285 Nonium
714 1251 729 1294 l,
739 1250 771 1287 70.
783 1261 817 1286 re-

67 1300 69 1302 ’
99 1299 228 1337 stituendum
243 1306 304 1349 putat
319 1298 389 1349 (conf.
404 1298 493 1348 Wak.),
507 1298 554 1337 vide
569 1299 666 1339 lluddim.
682 1300 732 1340 Inst.
750 1300 815 1340 0121.

98 1364 120 1403 p.
130 1353 175 1391 226.
189 1357 233 1389 not.
244 1352 277 1391 37.
669 1390 671 1392 .

151 1406 195 1443 606.
223 1405 257 1442 ubi
270 1418 318 1441 nam
333 1400 394 1439 Wak.
411 1400 491 1450 recepit
506 1413 516 1438 e
533 1400 593 1439 Vind.
607 1402 666 1439 Poor.
677 1400 726 1441 Brit.
737 1404 756 1441 1.
764 1404 783 1441 2.
795 1403 815 1441 3.

100 1457 158 1495 Cant.
177 1453 229 1492 Brix.
246 1455 294 1492 Ver.
311 1455 373 1502 Ven,
388 1465 401 1490 a
417 1452 490 1503 quibus
504 1465 550 1489 non
562 1452 670 1490 discedunt
679 1453 745 1504 Lugd.
758 1455 776 1493 1.
787 1455 816 1506 2.,

98 1508 169 1554 ubinaj
181 1505 195 1544 i.
208 1518 226 1544 e.
239 1508 273 1544 ubi
284 1508 325 1552 nd,
337 1505 473 1554 praebentes3
486 1504 531 1542 Ald.
545 1506 563 1543 1.
573 1506 593 1544 2.
601 1507 651 1543 Bon.
659 1508 707 1542 lunt
719 1506 754 1544 ubi
763 1507 816 1552 ium3

46 1585 63 1595 ..
99 1557 161 1609 vulgo
172 1559 206 1597 ubi
217 1573 269 1605 una,
283 1569 307 1594 ex
318 1556 413 1594 Lambini
423 1555 561 1595 correctione.

152 1610 197 1649 607.
223 1609 336 1656 Dissiluit]
355 1609 402 1645 Ver.
420 1609 471 1645 Ven-
488 1609 636 1651 Dissolvi'ſtr
650 1608 736 1658 multas]
757 1607 815 1648 Bodl-

99 1662 149 1700 Ver.
159 1662 210 1697 Ven.
221 1660 265 1697 ald.
279 1662 296 1698 1.
310 1662 358 1698 Bon.
368 1660 444 1697 multis.
453 1678 483 1691 ·-
497 1660 581 1707 exorta]
594 1658 655 1698 Wak.
667 1660 721 1700 coni.
733 1663 816 1708 extrica,

101 1712 128 1750 ob
137 1712 209 1748 locum
221 1713 246 1757 V,
260 1712 327 1758 1097,
342 1710 378 1747 sed
390 1717 462 1747 tamen
478 1716 566 1759 praeter,
576 1710 728 1749 necessitatem.
755 1712 817 1749 Cete-
832 1743 835 1750 .

99 1776 148 1801 rum
159 1762 221 1814 vulgo
230 1762 260 1799 sic
271 1760 435 1812 interpun'gitur:
448 1766 475 1800 D.
487 1764 550 1800 semel
558 1765 579 1799 in
591 1761 666 1799 multas
674 1767 752 1810 exorta,
767 1779 817 1815 qua·

100 1818 120 1854 si
136 1821 187 1860 etc.;
203 1813 263 1852 Wala.
278 1826 327 1850 vero
335 1814 408 1850 'verba
423 1816 445 1851 in
457 1814 532 1851 multas
541 1813 621 1850 duobus
633 1814 771 1852 commatibus
781 1815 816 1852 in-

100 1865 173 1914 clusit,
188 1873 278 1916 quorum
288 1865 345 1915 prius
356 1863 474 1902 delevimus.

152 1919 197 1957 610.
219 1918 322 1966 fuerunt]
336 1916 365 1952 sic
376 1918 403 1952 W
404 1915 436 1952 ak.
448 1928 496 1951 cum
507 1914 602 1964 plurimis
611 1914 682 1963 lihris;
695 1916 758 1967 vulgo
764 1917 815 1968 fue-

100 1971 155 2017 rint,
168 1974 192 2005 ut
202 1969 267 2019 Lugd.
279 1970 299 2007 2.
311 1967 362 2006 Brit.
374 1968 393 2006 3.
404 1966 448 2003 Ald.
459 1969 478 2005 1.
489 1968 507 2005 2.
519 1969 567 2004 Bon.
581 1967 636 2004 Iunt.

152 2021 197 2060 611.
225 2020 332 2067 derectis]
346 2019 374 2055 sic
384 2019 457 2057 Britl.
471 2024 492 2055 et
503 2018 562 2062 ltriu.¹
576 2030 588 2054 a
599 2017 673 2067 quibus
684 2030 727 2055 non
738 2018 816 2056 dissen-

100 2070 156 2108 tiunt
170 2071 235 2121 Lugd.
246 2073 264 2111 1.
274 2073 294 2110 2.
310 2071 377 2113 Cant,
397 2072 483 2108 derectis
496 2068 584 2105 iunctim
599 2068 731 2116 exhibentes,
751 2082 816 2121 quare

100 2122 161 2159 Wak.
171 2123 261 2172 recepit,
275 2135 313 2172 per
326 2149 338 2168 ‚,
345 2121 384 2169 ad,
399 2121 511 2158 secundum
523 2119 565 2155 vias
575 2119 644 2157 rectas
651 2123 663 2142 ¹⁴
678 2121 816 2171 explicatum3

100 2173 161 2212 Poor.
173 2176 267 2220 deiectis,
282 2173 345 2222 ceteri
356 2173 404 2210 libri
417 2184 490 2208 omnes
501 2173 594 2218 directis,
608 2178 631 2207 ut
640 2172 703 2223 vulgo
716 2172 789 2216 editur.

154 2225 198 2263 613.
225 2229 303 2276 Saepta
319 2240 381 2278 supra
398 2223 458 2261 Wak.
471 2221 535 2259 edidit
548 2234 558 2258 e
571 2223 702 2269 coniectura,
717 2237 780 2274 quum
794 2225 816 2262 in

100 2274 160 2313 libris
170 2282 251 2312 tantum
262 2289 305 2313 uon
314 2275 409 2312 omnibns
420 2275 503 2323 legatur
513 2277 577 2324 Saepe
586 2290 660 2326 supra,¹
673 2275 735 2326 vulgo
746 2279 773 2314 Se
783 2291 817 2314 su-

98 2342 146 2380 pra,
159 2326 212 2362 utin
224 2326 293 2375 vinu,
307 2326 325 2363 si
336 2327 426 2364 collator
437 2330 560 2379 accuratum
570 2337 592 2363 se
602 2326 704 2376 praebuit,
719 2327 764 2366 Ald.
772 2328 789 2366 1.
795 2329 815 2366 2.

101 2382 151 2416 Bon.
163 2379 218 2417 lunt,

153 2428 198 2469 614.
226 2430 295 2474 clusa]
311 2427 384 2467 urite.
394 2443 464 2475 onum,
478 2425 523 2465 Ald.
531 2428 548 2466 1.
555 2429 573 2466 2.
585 2430 634 2467 Bon.
647 2430 701 2467 lunt.
713 2430 816 2472 clausum

102 2480 138 2519 sed
151 2480 227 2532 reliqui
243 2479 293 2517 libri
307 2492 378 2517 omnes
394 2481 475 2529 clausa,
489 2478 543 2517 utin
553 2480 609 2532 vulg.
620 2479 678 2520 editt.
687 2493 727 2518 vox
739 2479 815 2518 scribi-
