1690 2654
213 76 446 137 ARGUMENTUM
461 83 545 134 LIBRI
560 82 603 133 VI.
726 99 765 134 tn

49 207 106 257 petus
115 204 169 244 venti
179 217 202 243 ex
210 217 233 243 re
241 203 330 256 perculsa
346 202 420 242 semina
428 202 479 253 ignis
495 200 568 239 excitat
582 201 613 252 [v.
622 200 661 241 309
670 222 697 229 -
705 200 763 252 392}

49 259 111 297 Porro
121 257 224 295 Lucretius
233 255 357 302 mobilitatis,
372 268 422 306 quae
438 259 468 291 est
479 253 499 291 iu
508 253 597 300 fulmine,
613 266 681 293 causas
693 265 765 306 expro-

49 309 89 348 mit.
116 311 167 349 Nam
175 313 251 355 ventus,
265 308 315 344 nube
326 307 418 352 inclusus,
433 305 508 355 quando
520 305 582 343 omnia
594 306 635 343 eius
646 306 709 345 latera
718 319 764 357 per·

49 361 142 407 tentavit,
157 361 271 409 tandemque
283 358 371 407 erumpit,
385 357 506 395 velocissime
518 358 583 394 evolet
593 371 674 396 necesse
687 363 718 397 est
731 359 762 407 [v.

49 413 186 460 323—329];
205 409 319 460 praesertim
329 421 386 459 quum
399 422 410 445 e
422 407 498 461 minutis
512 413 586 446 constet
596 409 710 461 levibusque
723 411 763 448 ele-

48 465 128 509 mentis,
147 463 230 512 ideoque
239 460 351 511 perinanes
362 463 435 497 meatus
447 459 497 497 aeris
512 460 570 496 facile
580 465 665 499 transeat
679 465 712 511 [v.
723 464 763 502 330

48 513 145 562 -asslt
177 513 258 551 Accedit
273 511 314 549 eius
332 512 429 560 gravitas,
455 523 516 561 eaque
530 511 570 548 ictu
585 513 665 550 maxime
679 514 763 552 adaucta

49 567 81 616 [v.
92 566 224 615 335—339].
250 564 278 602 Et
291 563 363 614 quode
378 563 482 613 longinquo
492 562 555 609 cadit,
569 562 642 601 idcirco
654 565 719 615 plures
729 579 762 604 ce-

48 618 131 656 leritatis
142 618 213 667 gradus
227 620 321 655 momento
332 615 418 664 quolibet
428 614 521 665 acquirit,
535 615 601 652 forsan
615 616 672 654 etiam
685 618 709 655 ab
719 617 762 667 ipso
822 632 824 634 ’

49 673 95 709 aere
109 669 186 707 iuratur
197 671 231 716 [v.
241 668 279 708 340
287 689 313 695 —
322 666 380 716 347}
407 666 447 704 Sed
462 666 517 704 vario
530 670 559 704 est
576 679 599 704 ac
613 668 712 719 multiplex
725 670 762 717 m's,

49 734 105 772 quam
119 721 189 759 fulmen
201 720 222 758 in
233 732 315 770 corpora
327 719 409 765 exserit3
430 718 483 756 cuius
496 717 526 756 rei
540 718 624 756 rationes
639 720 763 759 declarantur

50 775 81 823 [v.
93 771 232 822 348-356];
252 771 318 810 addita
327 784 395 816 causa,
411 783 445 807 cur
460 774 559 807 auctunmo
572 773 592 807 et
601 784 648 809 vere
663 773 762 811 crebriora

49 825 88 863 sint
99 825 184 863 tonitrua
196 830 215 862 et
225 823 302 861 fulmina
316 824 347 871 lv.
358 823 493 868 afa—378}
520 821 608 872 Denique
622 836 654 860 eos
664 827 723 874 poeta
733 825 761 862 ri-

49 877 94 923 det,
115 877 147 927 qui
162 876 255 925 neglectis
266 874 348 911 fulminis
365 873 428 911 causis
438 871 567 920 naturalibus,
589 886 613 911 ex
625 888 647 912 eo
658 876 714 925 signa
724 889 762 915 vo-

49 927 128 966 luntatis
138 928 248 977 incognitae
258 925 351 974 indagant
363 925 393 973 [v.
404 926 442 963 379
450 922 537 972 422}
563 924 645 963 Fulmini
655 928 718 964 affinis
731 932 762 966 est

47 986 134 1030 prester,
148 979 201 1016 cuius
212 977 277 1017 brevis
290 975 392 1026 explicatio
403 975 512 1024 adiungitur
523 977 549 1026 [v.
559 975 689 1027 lae-450}
710 979 730 1017 Τ
731 992 761 1018 um

50 1032 75 1069 de
83 1031 164 1069 arabibus
173 1027 258 1075 disserit,
273 1040 310 1078 quo
319 1031 376 1077 pacto
387 1026 491 1076 gignantur
500 1026 520 1063 in
531 1027 584 1064 coelo
597 1028 623 1076 [v.
632 1027 761 1080 451-458]‚

48 1083 70 1121 in
79 1082 174 1121 montibus
186 1083 212 1131 [v.
224 1080 261 1120 459
267 1101 291 1106 -
300 1077 360 1127 469],
372 1078 393 1115 in
402 1078 450 1115 mari
460 1078 486 1126 [x.
495 1076 629 1128 470-4ssol,
643 1094 678 1131 per
688 1086 761 1122 aestmu
814 1118 823 1125 a

50 1134 133 1172 aetheris
147 1133 233 1183 aliasque
242 1144 284 1177 res,
299 1143 349 1181 quae
359 1130 476 1167 extrinsecus
490 1129 579 1177 veniunt,
595 1136 614 1168 et
627 1132 648 1169 in
658 1136 703 1171 aere
715 1147 761 1172 coa-

49 1185 124 1224 lescunt
136 1186 168 1235 [v.
179 1182 313 1233 tat—494}
339 1182 400 1219 Porro
411 1182 435 1219 de
445 1194 497 1230 aqua
508 1183 576 1230 pluuia
590 1183 617 1231 [v.
628 1183 697 1223 495-
705 1185 760 1232 5161,

49 1237 173 1286 inprimisque
183 1236 207 1274 de
215 1235 307 1273 imbribus
319 1234 351 1282 [v.
361 1233 485 1281 517—523]
500 1232 524 1270 de
533 1234 582 1272 iride
593 1235 619 1283 [r.
630 1234 760 1285 524-526t

49 1289 130 1338 aliisque
139 1294 223 1325 naturae
231 1286 370 1337 phoenomenis
384 1285 414 1334 [v.
425 1285 537 1323 52722535
545 1287 566 1335 J,
580 1299 628 1335 quae
639 1288 714 1337 possint
724 1289 760 1326 ali-

50 1340 140 1391 quamde
153 1339 189 1377 diis
200 1344 219 1377 et
229 1337 350 1389 providentia
365 1336 472 1386 opinionem
486 1336 561 1382 facere,
576 1337 667 1390 disputat.
694 1339 717 1377 In
730 1340 760 1377 his

49 1391 179 1431 memorabiles
189 1396 233 1428 sunt
244 1394 306 1428 motus
320 1391 395 1426 terrae:
414 1401 463 1438 quae
475 1390 507 1424 aut
516 1387 639 1427 inclinatione
650 1391 730 1441 quadam
740 1391 772 1429 in>
808 1423 810 1426 .

49 1443 112 1481 latera
125 1445 180 1480 nutat
197 1443 227 1491 [v.
239 1441 378 1489 536—576],
398 1452 421 1477 au
445 1439 567 1477 succussione
582 1454 656 1480 sursum
672 1442 760 1483 deorsum

49 1494 136 1545 quatitur
148 1494 177 1543 [v.
186 1493 319 1541 577-607].
346 1491 470 1529 Memorabile
486 1490 552 1537 etiam,
566 1493 617 1542 quod
626 1498 656 1530 tot
665 1494 729 1532 fluviis
739 1495 760 1533 in

49 1559 102 1584 mare
112 1546 265 1591 decurrentibus,
279 1557 331 1581 mare
340 1546 404 1580 tamen
412 1542 470 1580 nihilo
480 1542 540 1579 maius
549 1543 584 1581 fiat
595 1545 620 1592 [v.
631 1548 759 1596 cos—639}

50 1596 144 1635 Maiorem
163 1597 282 1635 mirationem
300 1594 372 1643 ignaris
395 1607 494 1631 causarum
510 1594 584 1633 Aetnae
599 1596 654 1646 ignes
671 1597 760 1637 iniiciunt

51 1650 83 1696 [v.
93 1647 132 1689 640
139 1671 166 1676 -
175 1651 237 1697 712]‚
252 1652 272 1685 et
280 1647 321 1684 Nili
330 1647 354 1684 ab
365 1646 438 1684 aestivo
449 1645 531 1683 solstitio
541 1647 566 1683 ad
576 1649 715 1699 aequinoctium
726 1663 760 1687 us-

50 1713 88 1749 que
97 1701 216 1738 auctumnale
226 1698 339 1744 exundatio,
353 1711 402 1747 quae
413 1701 433 1735 et
440 1697 482 1747 ipsa
493 1711 503 1734 e
515 1702 598 1748 quatuor
608 1701 669 1738 causis
680 1706 760 1740 natura-

49 1749 99 1789 libus
110 1752 212 1790 deducitur
225 1752 255 1801 [v.
267 1751 400 1794 713—738l.
428 1749 588 1795 Quemadmodum
598 1765 644 1789 vero
653 1753 760 1792 beneficum

51 1803 105 1841 deum
118 1817 156 1841 non
172 1803 261 1853 agnoscit
270 1805 338 1852 poeta:
356 1801 385 1838 ita
397 1800 466 1838 irattmi
476 1805 546 1850 negat·
565 1807 585 1839 et
598 1807 620 1840 ut
635 1804 694 1851 coeli,
709 1805 759 1843 aeris

49 1859 151 1905 terraeque
160 1855 290 1906 phaenomena
303 1852 339 1889 diis
349 1851 433 1903 superis,
452 1853 480 1889 ita
490 1852 547 1889 noxio
557 1854 649 1902 quaedam
660 1856 708 1893 etin
717 1860 760 1894 ter-

50 1905 76 1943 ris
92 1906 202 1945 admiranda
217 1905 254 1943 diis
273 1903 339 1941 inferis
357 1904 421 1953 eripit.
454 1904 498 1941 Hoc
516 1904 594 1942 consilio
608 1911 628 1943 et
642 1907 667 1944 de
681 1908 758 1945 avernis

50 1957 131 2008 aliisque
139 1962 205 1996 terrae
213 1955 307 1995 tractibus
317 1955 425 1993 exitialibus
439 1955 465 2004 [v.
477 1955 609 2006 739—840],
631 1961 651 1995 et
662 1959 687 1996 de
694 1960 759 2009 puteis
812 1985 814 1987 v

50 2009 147 2061 variisque
160 2009 248 2059 benignis
259 2007 344 2045 fontibus
358 2007 388 2056 [ν.
400 2004 436 2046 841
446 2027 473 2034 -
482 2007 532 2056 907]
547 2007 605 2055 dicit,
625 2009 715 2048 adiuncta
730 2011 759 2048 la-

49 2060 112 2110 pidis,
132 2075 188 2113 quem
202 2065 314 2111 magnetem
328 2063 410 2105 vocant,
428 2058 556 2109 explicatione
569 2060 600 2110 [v.
614 2062 651 2100 908
662 2064 758 2112 -991].

51 2111 110 2150 Cuius
120 2113 190 2164 lapidis
205 2113 299 2162 insignem
313 2109 415 2157 virtutem,
435 2110 524 2148 Herculis
534 2111 628 2150 beneficio
642 2114 684 2151 fere
695 2114 760 2152 tribu-

49 2164 98 2211 tam,
112 2168 134 2203 ut
146 2165 218 2203 rectius
233 2162 326 2212 explicet,
340 2165 424 2212 quatuor
436 2161 499 2212 capita
512 2163 630 2211 praemittit:
647 2177 714 2212 unum,
729 2167 759 2204 ef·

49 2213 111 2254 lluere
122 2215 210 2254 continuo
224 2213 339 2265 corpusculo
348 2214 442 2263 quaedam
453 2226 476 2250 ex
486 2214 572 2251 omnibus
584 2215 641 2253 rebus
652 2217 677 2266 [v.
689 2219 759 2257 922—

49 2267 108 2316 936];
127 2268 220 2314 alterum,
237 2266 308 2304 nullum
321 2277 363 2301 esse
377 2277 446 2315 corpus
463 2264 510 2301 adeo
526 2265 617 2313 solidum,
636 2268 681 2317 quin
695 2268 759 2306 inania

50 2318 133 2367 spatiola
148 2320 257 2369 intercepta
274 2316 371 2354 contineat
385 2316 415 2366 [v.
426 2317 465 2355 937
473 2316 569 2366 -959];
587 2319 675 2366 tertium,
690 2319 758 2358 emissa

50 2370 163 2418 corpuscula
178 2383 216 2407 non
225 2369 310 2407 omnibus
321 2368 379 2405 rebus
390 2368 456 2406 eadem
468 2367 544 2406 ratione
559 2380 665 2418 congruere
679 2372 709 2420 [v.
720 2373 758 2409 960

49 2441 76 2448 -
85 2420 149 2469 979];
168 2424 266 2471 quartum,
280 2419 345 2457 inania
357 2420 440 2469 spatiola
450 2431 487 2456 non
497 2418 581 2458 eiusdem
593 2434 635 2459 esse
644 2421 664 2459 in
674 2421 757 2459 onmibna

48 2473 107 2509 rebus
115 2472 191 2520 figurae
207 2476 227 2510 et
237 2470 431 2523 circumscriptionis,
444 2482 505 2523 quare
514 2483 550 2510 nec
565 2472 630 2511 eadem
644 2472 758 2524 quibuslibet

80 2542 196 2569 brenmula.
