<?xml version="1.0" encoding="UTF-8"?>
<!DOCTYPE html PUBLIC "-//W3C//DTD XHTML 1.0 Transitional//EN"
    "http://www.w3.org/TR/xhtml1/DTD/xhtml1-transitional.dtd">
<html xmlns="http://www.w3.org/1999/xhtml" xml:lang="en" lang="en">
 <head>
  <title>
</title>
<meta http-equiv="Content-Type" content="text/html;charset=utf-8" />
  <meta name='ocr-system' content='tesseract 3.04.00' />
  <meta name='ocr-capabilities' content='ocr_page ocr_carea ocr_par ocr_line ocrx_word'/>
</head>
<body>
  <div class='ocr_page' id='page_1' title='image "./MN40048ucmf_3_0424.png"; bbox 0 0 1690 2654; ppageno 0'>
   <div class='ocr_carea' id='block_1_1' title="bbox 154 35 165 55">
    <p class='ocr_par' dir='ltr' id='par_1_1' title="bbox 154 35 165 55">
     <span class='ocr_line' id='line_1_1' title="bbox 154 35 165 55; baseline 0 -2"><span class='ocrx_word' id='word_1_1' title='bbox 154 35 165 55; x_wconf 55' lang='lat' dir='ltr'><strong>d.</strong></span> 
     </span>
    </p>
   </div>
   <div class='ocr_carea' id='block_1_2' title="bbox 83 96 579 143">
    <p class='ocr_par' dir='ltr' id='par_1_2' title="bbox 83 96 579 143">
     <span class='ocr_line' id='line_1_2' title="bbox 83 96 579 143; baseline 0 0"><span class='ocrx_word' id='word_1_2' title='bbox 83 96 132 143; x_wconf 72' lang='grc'><strong>338</strong></span> <span class='ocrx_word' id='word_1_3' title='bbox 300 99 579 143; x_wconf 80' lang='lat' dir='ltr'><strong>ANNOTATIONES</strong></span> 
     </span>
    </p>
   </div>
   <div class='ocr_carea' id='block_1_3' title="bbox 38 208 823 520">
    <p class='ocr_par' dir='ltr' id='par_1_3' title="bbox 38 208 823 520">
     <span class='ocr_line' id='line_1_3' title="bbox 85 208 798 263; baseline 0.001 -12"><span class='ocrx_word' id='word_1_4' title='bbox 85 211 138 259; x_wconf 75' lang='lat'><strong>135,</strong></span> <span class='ocrx_word' id='word_1_5' title='bbox 150 208 230 261; x_wconf 49' lang='lat' dir='ltr'><strong>quibua</strong></span> <span class='ocrx_word' id='word_1_6' title='bbox 246 209 302 261; x_wconf 79' lang='lat' dir='ltr'><strong>quod</strong></span> <span class='ocrx_word' id='word_1_7' title='bbox 312 224 343 248; x_wconf 77' lang='lat' dir='ltr'><strong>vv.</strong></span> <span class='ocrx_word' id='word_1_8' title='bbox 355 212 398 251; x_wconf 83' lang='lat'>187.</span> <span class='ocrx_word' id='word_1_9' title='bbox 408 217 428 250; x_wconf 82' lang='lat' dir='ltr'><strong>et</strong></span> <span class='ocrx_word' id='word_1_10' title='bbox 435 213 480 253; x_wconf 89' lang='lat'>138.</span> <span class='ocrx_word' id='word_1_11' title='bbox 491 212 573 263; x_wconf 82' lang='lat' dir='ltr'><strong>attinet,</strong></span> <span class='ocrx_word' id='word_1_12' title='bbox 584 213 716 253; x_wconf 86' lang='lat' dir='ltr'><strong>consentiunt</strong></span> <span class='ocrx_word' id='word_1_13' title='bbox 725 222 798 253; x_wconf 81' lang='lat' dir='ltr'><strong>omnes</strong></span> 
     </span>
     <span class='ocr_line' id='line_1_4' title="bbox 68 261 797 318; baseline 0.004 -18"><span class='ocrx_word' id='word_1_14' title='bbox 68 275 72 278; x_wconf 85' lang='grc'><em>·</em></span> <span class='ocrx_word' id='word_1_15' title='bbox 86 262 162 310; x_wconf 79' lang='lat' dir='ltr'><strong>Codd,</strong></span> <span class='ocrx_word' id='word_1_16' title='bbox 176 261 246 313; x_wconf 63' lang='lat' dir='ltr'><strong>quoad</strong></span> <span class='ocrx_word' id='word_1_17' title='bbox 260 276 292 300; x_wconf 84' lang='lat' dir='ltr'><strong>vv.</strong></span> <span class='ocrx_word' id='word_1_18' title='bbox 306 265 348 302; x_wconf 82' lang='lat'>135.</span> <span class='ocrx_word' id='word_1_19' title='bbox 360 271 380 301; x_wconf 88' lang='lat' dir='ltr'><strong>et</strong></span> <span class='ocrx_word' id='word_1_20' title='bbox 391 266 435 304; x_wconf 87' lang='grc'>136.</span> <span class='ocrx_word' id='word_1_21' title='bbox 454 278 504 303; x_wconf 88' lang='lat' dir='ltr'><strong>vero</strong></span> <span class='ocrx_word' id='word_1_22' title='bbox 520 273 578 304; x_wconf 89' lang='lat' dir='ltr'><strong>certe</strong></span> <span class='ocrx_word' id='word_1_23' title='bbox 596 267 660 318; x_wconf 82' lang='lat' dir='ltr'><strong>Lugd.</strong></span> <span class='ocrx_word' id='word_1_24' title='bbox 673 269 691 306; x_wconf 91' lang='lat'><strong>1.</strong></span> <span class='ocrx_word' id='word_1_25' title='bbox 703 268 722 306; x_wconf 75' lang='lat'><strong>2.</strong></span> <span class='ocrx_word' id='word_1_26' title='bbox 737 269 797 304; x_wconf 89' lang='lat' dir='ltr'><strong>Poor.</strong></span> 
     </span>
     <span class='ocr_line' id='line_1_5' title="bbox 38 315 798 368; baseline 0.012 -19"><span class='ocrx_word' id='word_1_27' title='bbox 38 355 40 359; x_wconf 93' lang='lat'><strong>.</strong></span> <span class='ocrx_word' id='word_1_28' title='bbox 83 315 131 351; x_wconf 88' lang='lat' dir='ltr'><strong>Brit.</strong></span> <span class='ocrx_word' id='word_1_29' title='bbox 142 315 200 360; x_wconf 84' lang='grc'>1.3,;</span> <span class='ocrx_word' id='word_1_30' title='bbox 220 322 285 363; x_wconf 81' lang='lat' dir='ltr'><strong>quare</strong></span> <span class='ocrx_word' id='word_1_31' title='bbox 299 315 359 353; x_wconf 78' lang='lat' dir='ltr'><strong>Wak.</strong></span> <span class='ocrx_word' id='word_1_32' title='bbox 375 317 737 368; x_wconf 59' lang='grc' dir='ltr'>νγ.13101133510111000510.</span> <span class='ocrx_word' id='word_1_33' title='bbox 753 319 798 359; x_wconf 74' lang='lat'>133.</span> 
     </span>
     <span class='ocr_line' id='line_1_6' title="bbox 83 363 799 414; baseline 0.006 -11"><span class='ocrx_word' id='word_1_34' title='bbox 83 363 202 404; x_wconf 77' lang='lat' dir='ltr'><strong>cottoeevit.</strong></span> <span class='ocrx_word' id='word_1_35' title='bbox 216 365 291 403; x_wconf 85' lang='lat' dir='ltr'><strong>Eichst.</strong></span> <span class='ocrx_word' id='word_1_36' title='bbox 304 373 387 413; x_wconf 84' lang='lat' dir='ltr'><strong>tamen,</strong></span> <span class='ocrx_word' id='word_1_37' title='bbox 401 367 457 404; x_wconf 85' lang='lat' dir='ltr'><strong>haud</strong></span> <span class='ocrx_word' id='word_1_38' title='bbox 471 367 533 406; x_wconf 87' lang='lat' dir='ltr'><strong>dubie</strong></span> <span class='ocrx_word' id='word_1_39' title='bbox 551 369 577 407; x_wconf 92' lang='lat' dir='ltr'><strong>ob</strong></span> <span class='ocrx_word' id='word_1_40' title='bbox 594 369 705 414; x_wconf 85' lang='lat' dir='ltr'><strong>meliorem</strong></span> <span class='ocrx_word' id='word_1_41' title='bbox 715 366 799 407; x_wconf 81' lang='lat' dir='ltr'><strong>senten-</strong></span> 
     </span>
     <span class='ocr_line' id='line_1_7' title="bbox 82 416 823 473; baseline 0.007 -19"><span class='ocrx_word' id='word_1_42' title='bbox 82 416 160 455; x_wconf 84' lang='lat' dir='ltr'><strong>tiarum</strong></span> <span class='ocrx_word' id='word_1_43' title='bbox 175 417 269 456; x_wconf 85' lang='lat' dir='ltr'>ordinem</span> <span class='ocrx_word' id='word_1_44' title='bbox 288 418 515 471; x_wconf 80' lang='lat' dir='ltr'><strong>vuigaremrationem</strong></span> <span class='ocrx_word' id='word_1_45' title='bbox 528 422 627 467; x_wconf 82' lang='lat' dir='ltr'><strong>servarit,</strong></span> <span class='ocrx_word' id='word_1_46' title='bbox 642 434 704 473; x_wconf 79' lang='lat' dir='ltr'><strong>quem</strong></span> <span class='ocrx_word' id='word_1_47' title='bbox 716 434 754 459; x_wconf 91' lang='lat' dir='ltr'><strong>nos</strong></span> <span class='ocrx_word' id='word_1_48' title='bbox 763 433 798 459; x_wconf 83' lang='lat' dir='ltr'><strong>se·</strong></span> <span class='ocrx_word' id='word_1_49' title='bbox 817 438 823 448; x_wconf 90' lang='lat'><strong>·</strong></span> 
     </span>
     <span class='ocr_line' id='line_1_8' title="bbox 83 469 332 520; baseline 0.008 -14"><span class='ocrx_word' id='word_1_50' title='bbox 83 469 143 520; x_wconf 77' lang='lat' dir='ltr'><strong>qunti</strong></span> <span class='ocrx_word' id='word_1_51' title='bbox 152 478 229 509; x_wconf 82' lang='lat' dir='ltr'><strong>sumus.</strong></span> <span class='ocrx_word' id='word_1_52' title='bbox 331 480 332 483; x_wconf 75' lang='grc'>’</span> 
     </span>
    </p>
   </div>
   <div class='ocr_carea' id='block_1_4' title="bbox 57 512 816 1104">
    <p class='ocr_par' dir='ltr' id='par_1_4' title="bbox 532 512 535 526">
     <span class='ocr_line' id='line_1_9' title="bbox 532 512 535 526; baseline 0 0"><span class='ocrx_word' id='word_1_53' title='bbox 532 512 535 526; x_wconf 83' lang='grc'><strong>1</strong></span> 
     </span>
    </p>

    <p class='ocr_par' dir='ltr' id='par_1_5' title="bbox 57 532 816 790">
     <span class='ocr_line' id='line_1_10' title="bbox 136 532 797 588; baseline 0.002 -15"><span class='ocrx_word' id='word_1_54' title='bbox 136 534 180 573; x_wconf 88' lang='grc'>137.</span> <span class='ocrx_word' id='word_1_55' title='bbox 200 532 287 587; x_wconf 83' lang='lat' dir='ltr'><strong>facere]</strong></span> <span class='ocrx_word' id='word_1_56' title='bbox 303 533 333 572; x_wconf 78' lang='lat' dir='ltr'><strong>sic</strong></span> <span class='ocrx_word' id='word_1_57' title='bbox 342 534 402 573; x_wconf 81' lang='lat' dir='ltr'><strong>Wak.</strong></span> <span class='ocrx_word' id='word_1_58' title='bbox 412 548 461 573; x_wconf 88' lang='lat' dir='ltr'><strong>cnm</strong></span> <span class='ocrx_word' id='word_1_59' title='bbox 470 536 536 587; x_wconf 75' lang='lat' dir='ltr'><strong>Lugd.</strong></span> <span class='ocrx_word' id='word_1_60' title='bbox 544 539 566 585; x_wconf 50' lang='lat'><strong>¹2.</strong></span> <span class='ocrx_word' id='word_1_61' title='bbox 580 536 656 586; x_wconf 82' lang='lat' dir='ltr'><strong>edidit,</strong></span> <span class='ocrx_word' id='word_1_62' title='bbox 672 549 724 588; x_wconf 86' lang='lat' dir='ltr'><strong>quae</strong></span> <span class='ocrx_word' id='word_1_63' title='bbox 734 535 797 575; x_wconf 79' lang='lat' dir='ltr'><strong>lectio</strong></span> 
     </span>
     <span class='ocr_line' id='line_1_11' title="bbox 57 585 799 635; baseline 0.003 -12"><span class='ocrx_word' id='word_1_64' title='bbox 57 598 63 616; x_wconf 52' lang='lat' dir='ltr'><strong>v.</strong></span> <span class='ocrx_word' id='word_1_65' title='bbox 82 592 169 635; x_wconf 82' lang='lat' dir='ltr'><strong>recepta</strong></span> <span class='ocrx_word' id='word_1_66' title='bbox 179 585 241 623; x_wconf 85' lang='lat' dir='ltr'><strong>simui</strong></span> <span class='ocrx_word' id='word_1_67' title='bbox 251 586 314 623; x_wconf 77' lang='lat' dir='ltr'><strong>aliam</strong></span> <span class='ocrx_word' id='word_1_68' title='bbox 324 588 463 625; x_wconf 75' lang='lat' dir='ltr'><strong>mutationem</strong></span> <span class='ocrx_word' id='word_1_69' title='bbox 472 588 564 626; x_wconf 82' lang='lat' dir='ltr'><strong>reddidit</strong></span> <span class='ocrx_word' id='word_1_70' title='bbox 573 590 721 635; x_wconf 84' lang='lat' dir='ltr'><strong>necessariam,</strong></span> <span class='ocrx_word' id='word_1_71' title='bbox 734 595 758 626; x_wconf 89' lang='lat' dir='ltr'><strong>ut</strong></span> <span class='ocrx_word' id='word_1_72' title='bbox 766 588 799 625; x_wconf 91' lang='lat' dir='ltr'><strong>ni-</strong></span> 
     </span>
     <span class='ocr_line' id='line_1_12' title="bbox 82 637 798 691; baseline 0.007 -17"><span class='ocrx_word' id='word_1_73' title='bbox 82 637 162 675; x_wconf 83' lang='lat' dir='ltr'><strong>mirum</strong></span> <span class='ocrx_word' id='word_1_74' title='bbox 173 653 297 677; x_wconf 80' lang='lat' dir='ltr'><strong>concrescere</strong></span> <span class='ocrx_word' id='word_1_75' title='bbox 306 638 328 675; x_wconf 89' lang='lat' dir='ltr'><strong>in</strong></span> <span class='ocrx_word' id='word_1_76' title='bbox 338 654 397 691; x_wconf 83' lang='lat' dir='ltr'><strong>qnam</strong></span> <span class='ocrx_word' id='word_1_77' title='bbox 408 654 494 678; x_wconf 83' lang='lat' dir='ltr'><strong>crescere</strong></span> <span class='ocrx_word' id='word_1_78' title='bbox 504 639 662 691; x_wconf 85' lang='lat' dir='ltr'><strong>disiungeretur.</strong></span> <span class='ocrx_word' id='word_1_79' title='bbox 684 641 751 691; x_wconf 72' lang='lat' dir='ltr'><strong>Vulgo</strong></span> <span class='ocrx_word' id='word_1_80' title='bbox 761 640 798 691; x_wconf 82' lang='lat' dir='ltr'><strong>fa-</strong></span> 
     </span>
     <span class='ocr_line' id='line_1_13' title="bbox 84 690 798 741; baseline 0 -13"><span class='ocrx_word' id='word_1_81' title='bbox 84 692 122 728; x_wconf 85' lang='lat' dir='ltr'><strong>cile</strong></span> <span class='ocrx_word' id='word_1_82' title='bbox 134 711 161 717; x_wconf 85' lang='lat'><em>-</em></span> <span class='ocrx_word' id='word_1_83' title='bbox 174 705 309 735; x_wconf 78' lang='lat' dir='ltr'><strong>concrescere,</strong></span> <span class='ocrx_word' id='word_1_84' title='bbox 322 697 346 725; x_wconf 90' lang='lat' dir='ltr'><strong>ut</strong></span> <span class='ocrx_word' id='word_1_85' title='bbox 355 702 404 726; x_wconf 81' lang='lat' dir='ltr'><strong>sane</strong></span> <span class='ocrx_word' id='word_1_86' title='bbox 415 702 486 727; x_wconf 88' lang='lat' dir='ltr'><strong>omnes</strong></span> <span class='ocrx_word' id='word_1_87' title='bbox 495 690 554 741; x_wconf 84' lang='lat' dir='ltr'><strong>libri,</strong></span> <span class='ocrx_word' id='word_1_88' title='bbox 567 698 652 741; x_wconf 80' lang='lat' dir='ltr'><strong>praeter</strong></span> <span class='ocrx_word' id='word_1_89' title='bbox 661 704 727 729; x_wconf 87' lang='lat' dir='ltr'><strong>unum</strong></span> <span class='ocrx_word' id='word_1_90' title='bbox 736 692 798 729; x_wconf 74' lang='lat' dir='ltr'><strong>ilium</strong></span> 
     </span>
     <span class='ocr_line' id='line_1_14' title="bbox 85 739 816 790; baseline -0.007 -11"><span class='ocrx_word' id='word_1_91' title='bbox 85 741 196 790; x_wconf 75' lang='lat' dir='ltr'><strong>codicem,</strong></span> <span class='ocrx_word' id='word_1_92' title='bbox 210 741 246 777; x_wconf 84' lang='lat' dir='ltr'><strong>sed</strong></span> <span class='ocrx_word' id='word_1_93' title='bbox 256 752 315 776; x_wconf 87' lang='lat' dir='ltr'><strong>sensu</strong></span> <span class='ocrx_word' id='word_1_94' title='bbox 325 739 393 777; x_wconf 86' lang='lat' dir='ltr'><strong>minus</strong></span> <span class='ocrx_word' id='word_1_95' title='bbox 402 741 476 790; x_wconf 88' lang='lat' dir='ltr'><strong>probo.</strong></span> <span class='ocrx_word' id='word_1_96' title='bbox 815 754 816 758; x_wconf 50' lang='lat'>¹</span> 
     </span>
    </p>

    <p class='ocr_par' dir='ltr' id='par_1_6' title="bbox 83 791 796 896">
     <span class='ocr_line' id='line_1_15' title="bbox 135 791 796 844; baseline 0.002 -12"><span class='ocrx_word' id='word_1_97' title='bbox 135 793 179 832; x_wconf 86' lang='grc'>138.</span> <span class='ocrx_word' id='word_1_98' title='bbox 206 791 304 844; x_wconf 73' lang='lat' dir='ltr'><strong>speciem]</strong></span> <span class='ocrx_word' id='word_1_99' title='bbox 319 791 367 828; x_wconf 87' lang='lat' dir='ltr'><strong>Brit.</strong></span> <span class='ocrx_word' id='word_1_100' title='bbox 380 793 400 842; x_wconf 73' lang='lat'><strong>2.</strong></span> <span class='ocrx_word' id='word_1_101' title='bbox 412 795 525 844; x_wconf 74' lang='lat' dir='ltr'><strong>specimen,</strong></span> <span class='ocrx_word' id='word_1_102' title='bbox 537 805 600 844; x_wconf 77' lang='lat' dir='ltr'><strong>quam</strong></span> <span class='ocrx_word' id='word_1_103' title='bbox 610 792 726 832; x_wconf 75' lang='lat' dir='ltr'><strong>lectionem</strong></span> <span class='ocrx_word' id='word_1_104' title='bbox 735 794 796 833; x_wconf 78' lang='lat' dir='ltr'><strong>Wak.</strong></span> 
     </span>
     <span class='ocr_line' id='line_1_16' title="bbox 83 843 796 896; baseline 0.004 -15"><span class='ocrx_word' id='word_1_105' title='bbox 83 843 191 896; x_wconf 81' lang='lat' dir='ltr'><strong>„impense</strong></span> <span class='ocrx_word' id='word_1_106' title='bbox 200 843 297 893; x_wconf 82' lang='lat' dir='ltr'><strong>probat“,</strong></span> <span class='ocrx_word' id='word_1_107' title='bbox 312 855 345 879; x_wconf 93' lang='lat' dir='ltr'><strong>me</strong></span> <span class='ocrx_word' id='word_1_108' title='bbox 355 856 398 880; x_wconf 91' lang='lat' dir='ltr'><strong>non</strong></span> <span class='ocrx_word' id='word_1_109' title='bbox 408 843 538 884; x_wconf 84' lang='lat' dir='ltr'><strong>assentiente.</strong></span> <span class='ocrx_word' id='word_1_110' title='bbox 552 845 613 893; x_wconf 82' lang='lat' dir='ltr'><strong>(Vide</strong></span> <span class='ocrx_word' id='word_1_111' title='bbox 623 858 686 895; x_wconf 86' lang='lat' dir='ltr'><strong>supra</strong></span> <span class='ocrx_word' id='word_1_112' title='bbox 696 846 722 883; x_wconf 88' lang='lat' dir='ltr'><strong>ad</strong></span> <span class='ocrx_word' id='word_1_113' title='bbox 729 860 747 882; x_wconf 89' lang='lat' dir='ltr'><strong>v.</strong></span> <span class='ocrx_word' id='word_1_114' title='bbox 755 847 796 891; x_wconf 77' lang='lat'><strong>77.)</strong></span> 
     </span>
    </p>

    <p class='ocr_par' dir='ltr' id='par_1_7' title="bbox 82 894 798 1104">
     <span class='ocr_line' id='line_1_17' title="bbox 135 894 798 947; baseline 0.002 -13"><span class='ocrx_word' id='word_1_115' title='bbox 135 897 179 935; x_wconf 82' lang='lat'><strong>139.</strong></span> <span class='ocrx_word' id='word_1_116' title='bbox 206 906 271 934; x_wconf 83' lang='lat' dir='ltr'><strong>motu:</strong></span> <span class='ocrx_word' id='word_1_117' title='bbox 284 894 344 945; x_wconf 83' lang='lat' dir='ltr'><strong>nam]</strong></span> <span class='ocrx_word' id='word_1_118' title='bbox 358 895 388 932; x_wconf 86' lang='lat' dir='ltr'><strong>sic</strong></span> <span class='ocrx_word' id='word_1_119' title='bbox 404 895 479 932; x_wconf 79' lang='lat' dir='ltr'><strong>diserte</strong></span> <span class='ocrx_word' id='word_1_120' title='bbox 496 895 561 947; x_wconf 83' lang='lat' dir='ltr'><strong>Lugd.</strong></span> <span class='ocrx_word' id='word_1_121' title='bbox 576 898 594 936; x_wconf 95' lang='lat'><strong>1.</strong></span> <span class='ocrx_word' id='word_1_122' title='bbox 605 898 637 945; x_wconf 69' lang='grc'>2.,</span> <span class='ocrx_word' id='word_1_123' title='bbox 653 909 693 935; x_wconf 83' lang='lat' dir='ltr'><strong>nee</strong></span> <span class='ocrx_word' id='word_1_124' title='bbox 707 897 798 935; x_wconf 85' lang='lat' dir='ltr'><strong>multum</strong></span> 
     </span>
     <span class='ocr_line' id='line_1_18' title="bbox 84 946 798 997; baseline 0.001 -12"><span class='ocrx_word' id='word_1_125' title='bbox 84 946 155 985; x_wconf 82' lang='lat' dir='ltr'><strong>differt</strong></span> <span class='ocrx_word' id='word_1_126' title='bbox 165 950 219 984; x_wconf 82' lang='lat' dir='ltr'><strong>lunt.</strong></span> <span class='ocrx_word' id='word_1_127' title='bbox 230 958 313 985; x_wconf 84' lang='lat' dir='ltr'><strong>motum:</strong></span> <span class='ocrx_word' id='word_1_128' title='bbox 327 962 380 985; x_wconf 86' lang='lat' dir='ltr'><strong>nam.</strong></span> <span class='ocrx_word' id='word_1_129' title='bbox 402 946 462 985; x_wconf 83' lang='lat' dir='ltr'><strong>Vind.</strong></span> <span class='ocrx_word' id='word_1_130' title='bbox 474 958 548 986; x_wconf 76' lang='lat' dir='ltr'><strong>monem</strong></span> <span class='ocrx_word' id='word_1_131' title='bbox 560 950 596 997; x_wconf 90' lang='lat' dir='ltr'><strong>in,</strong></span> <span class='ocrx_word' id='word_1_132' title='bbox 611 949 659 992; x_wconf 85' lang='lat' dir='ltr'><strong>Brit.</strong></span> <span class='ocrx_word' id='word_1_133' title='bbox 670 950 689 986; x_wconf 72' lang='grc' dir='ltr'>Ξ.</span> <span class='ocrx_word' id='word_1_134' title='bbox 703 959 758 988; x_wconf 79' lang='lat' dir='ltr'><strong>mota</strong></span> <span class='ocrx_word' id='word_1_135' title='bbox 769 951 798 996; x_wconf 86' lang='lat' dir='ltr'><strong>in,</strong></span> 
     </span>
     <span class='ocr_line' id='line_1_19' title="bbox 84 998 796 1052; baseline 0.003 -17"><span class='ocrx_word' id='word_1_136' title='bbox 84 1000 144 1037; x_wconf 80' lang='lat' dir='ltr'><strong>Cant.</strong></span> <span class='ocrx_word' id='word_1_137' title='bbox 155 1010 209 1036; x_wconf 82' lang='lat' dir='ltr'><strong>mam</strong></span> <span class='ocrx_word' id='word_1_138' title='bbox 221 1001 254 1047; x_wconf 73' lang='lat' dir='ltr'><strong>vi,</strong></span> <span class='ocrx_word' id='word_1_139' title='bbox 268 999 318 1036; x_wconf 81' lang='lat' dir='ltr'><strong>Ven.</strong></span> <span class='ocrx_word' id='word_1_140' title='bbox 330 1002 352 1037; x_wconf 85' lang='lat' dir='ltr'><strong>in</strong></span> <span class='ocrx_word' id='word_1_141' title='bbox 362 1009 448 1044; x_wconf 80' lang='lat' dir='ltr'><strong>motum,</strong></span> <span class='ocrx_word' id='word_1_142' title='bbox 462 998 511 1039; x_wconf 81' lang='lat' dir='ltr'><strong>Brit.</strong></span> <span class='ocrx_word' id='word_1_143' title='bbox 520 1001 539 1040; x_wconf 88' lang='lat'><strong>3.</strong></span> <span class='ocrx_word' id='word_1_144' title='bbox 550 1011 605 1038; x_wconf 82' lang='lat' dir='ltr'><strong>motu</strong></span> <span class='ocrx_word' id='word_1_145' title='bbox 612 1015 722 1052; x_wconf 69' lang='lat' dir='ltr'><strong>persaepe,</strong></span> <span class='ocrx_word' id='word_1_146' title='bbox 736 1001 796 1037; x_wconf 85' lang='lat' dir='ltr'><strong>Poor.</strong></span> 
     </span>
     <span class='ocr_line' id='line_1_20' title="bbox 82 1049 718 1104; baseline 0.003 -16"><span class='ocrx_word' id='word_1_147' title='bbox 82 1051 133 1090; x_wconf 82' lang='lat' dir='ltr'><strong>Brit.</strong></span> <span class='ocrx_word' id='word_1_148' title='bbox 145 1052 163 1089; x_wconf 91' lang='lat'><strong>1.</strong></span> <span class='ocrx_word' id='word_1_149' title='bbox 175 1049 220 1087; x_wconf 74' lang='lat' dir='ltr'><strong>ald.</strong></span> <span class='ocrx_word' id='word_1_150' title='bbox 230 1051 248 1088; x_wconf 87' lang='lat'><strong>1.</strong></span> <span class='ocrx_word' id='word_1_151' title='bbox 258 1051 277 1088; x_wconf 70' lang='grc'>3.</span> <span class='ocrx_word' id='word_1_152' title='bbox 290 1052 339 1087; x_wconf 87' lang='lat' dir='ltr'><strong>Bon.</strong></span> <span class='ocrx_word' id='word_1_153' title='bbox 350 1065 481 1102; x_wconf 78' lang='lat' dir='ltr'><strong>magnorum,</strong></span> <span class='ocrx_word' id='word_1_154' title='bbox 497 1050 548 1089; x_wconf 79' lang='lat' dir='ltr'><strong>Brix.</strong></span> <span class='ocrx_word' id='word_1_155' title='bbox 560 1066 678 1104; x_wconf 81' lang='lat' dir='ltr'><strong>magnorum</strong></span> <span class='ocrx_word' id='word_1_156' title='bbox 690 1054 718 1090; x_wconf 82' lang='lat' dir='ltr'><strong>in.</strong></span> 
     </span>
    </p>
   </div>
   <div class='ocr_carea' id='block_1_5' title="bbox 82 1111 799 1474">
    <p class='ocr_par' dir='ltr' id='par_1_8' title="bbox 82 1111 798 1220">
     <span class='ocr_line' id='line_1_21' title="bbox 136 1111 798 1165; baseline 0.002 -13"><span class='ocrx_word' id='word_1_157' title='bbox 136 1111 180 1153; x_wconf 72' lang='lat'><strong>141.</strong></span> <span class='ocrx_word' id='word_1_158' title='bbox 206 1116 288 1165; x_wconf 79' lang='lat' dir='ltr'><strong>magnei</strong></span> <span class='ocrx_word' id='word_1_159' title='bbox 303 1113 391 1162; x_wconf 74' lang='lat' dir='ltr'><strong>montes]</strong></span> <span class='ocrx_word' id='word_1_160' title='bbox 405 1116 457 1153; x_wconf 84' lang='lat' dir='ltr'><strong>Ven.</strong></span> <span class='ocrx_word' id='word_1_161' title='bbox 469 1113 515 1152; x_wconf 81' lang='lat' dir='ltr'><strong>Atd.</strong></span> <span class='ocrx_word' id='word_1_162' title='bbox 528 1115 546 1153; x_wconf 90' lang='lat'><strong>1.</strong></span> <span class='ocrx_word' id='word_1_163' title='bbox 566 1121 586 1152; x_wconf 92' lang='lat' dir='ltr'><strong>et</strong></span> <span class='ocrx_word' id='word_1_164' title='bbox 596 1117 646 1152; x_wconf 89' lang='lat' dir='ltr'><strong>Bon.</strong></span> <span class='ocrx_word' id='word_1_165' title='bbox 663 1126 740 1154; x_wconf 71' lang='lat' dir='ltr'><strong>montet</strong></span> <span class='ocrx_word' id='word_1_166' title='bbox 752 1128 798 1155; x_wconf 88' lang='lat' dir='ltr'><strong>ma-</strong></span> 
     </span>
     <span class='ocr_line' id='line_1_22' title="bbox 82 1165 640 1220; baseline -0.004 -17"><span class='ocrx_word' id='word_1_167' title='bbox 82 1180 134 1220; x_wconf 75' lang='lat' dir='ltr'><strong>gnos</strong></span> <span class='ocrx_word' id='word_1_168' title='bbox 141 1181 147 1208; x_wconf 88' lang='lat'><strong>,·</strong></span> <span class='ocrx_word' id='word_1_169' title='bbox 161 1176 246 1215; x_wconf 80' lang='lat' dir='ltr'><strong>„aeque</strong></span> <span class='ocrx_word' id='word_1_170' title='bbox 256 1165 341 1209; x_wconf 82' lang='lat' dir='ltr'><strong>bene,“</strong></span> <span class='ocrx_word' id='word_1_171' title='bbox 354 1171 378 1201; x_wconf 92' lang='lat' dir='ltr'><strong>ut</strong></span> <span class='ocrx_word' id='word_1_172' title='bbox 389 1165 448 1202; x_wconf 86' lang='lat' dir='ltr'><strong>Wak.</strong></span> <span class='ocrx_word' id='word_1_173' title='bbox 460 1171 537 1205; x_wconf 85' lang='lat' dir='ltr'><strong>censet.</strong></span> <span class='ocrx_word' id='word_1_174' title='bbox 564 1168 570 1173; x_wconf 76' lang='lat'><strong><em>‘</em></strong></span> <span class='ocrx_word' id='word_1_175' title='bbox 639 1213 640 1216; x_wconf 11' lang='grc' dir='ltr'><strong>Ἰ</strong></span> 
     </span>
    </p>

    <p class='ocr_par' dir='ltr' id='par_1_9' title="bbox 82 1212 798 1371">
     <span class='ocr_line' id='line_1_23' title="bbox 135 1212 798 1269; baseline -0.003 -14"><span class='ocrx_word' id='word_1_176' title='bbox 135 1214 180 1256; x_wconf 78' lang='grc'>142.</span> <span class='ocrx_word' id='word_1_177' title='bbox 203 1227 289 1269; x_wconf 75' lang='lat' dir='ltr'><strong>propter</strong></span> <span class='ocrx_word' id='word_1_178' title='bbox 304 1214 365 1255; x_wconf 85' lang='lat' dir='ltr'><strong>Wak.</strong></span> <span class='ocrx_word' id='word_1_179' title='bbox 380 1215 459 1266; x_wconf 85' lang='lat' dir='ltr'><strong>recepit</strong></span> <span class='ocrx_word' id='word_1_180' title='bbox 473 1227 484 1252; x_wconf 85' lang='lat' dir='ltr'><strong>e</strong></span> <span class='ocrx_word' id='word_1_181' title='bbox 498 1216 546 1257; x_wconf 83' lang='lat' dir='ltr'><strong>Brit.</strong></span> <span class='ocrx_word' id='word_1_182' title='bbox 558 1218 577 1255; x_wconf 74' lang='grc'><strong>2.</strong></span> <span class='ocrx_word' id='word_1_183' title='bbox 592 1212 705 1267; x_wconf 83' lang='lat' dir='ltr'><strong>iocumque</strong></span> <span class='ocrx_word' id='word_1_184' title='bbox 720 1216 750 1254; x_wconf 86' lang='lat' dir='ltr'><strong>sie</strong></span> <span class='ocrx_word' id='word_1_185' title='bbox 764 1228 798 1254; x_wconf 79' lang='lat' dir='ltr'><strong>ex-</strong></span> 
     </span>
     <span class='ocr_line' id='line_1_24' title="bbox 82 1267 797 1320; baseline -0.001 -15"><span class='ocrx_word' id='word_1_186' title='bbox 82 1269 159 1320; x_wconf 79' lang='lat' dir='ltr'><strong>plicat:</strong></span> <span class='ocrx_word' id='word_1_187' title='bbox 173 1267 230 1314; x_wconf 83' lang='lat' dir='ltr'><strong>„hae</strong></span> <span class='ocrx_word' id='word_1_188' title='bbox 245 1273 354 1304; x_wconf 79' lang='lat' dir='ltr'><strong>montosae</strong></span> <span class='ocrx_word' id='word_1_189' title='bbox 367 1268 433 1304; x_wconf 87' lang='lat' dir='ltr'><strong>nubes</strong></span> <span class='ocrx_word' id='word_1_190' title='bbox 442 1279 498 1304; x_wconf 88' lang='lat' dir='ltr'><strong>nunc</strong></span> <span class='ocrx_word' id='word_1_191' title='bbox 510 1268 639 1317; x_wconf 87' lang='lat' dir='ltr'><strong>praecedunt</strong></span> <span class='ocrx_word' id='word_1_192' title='bbox 649 1269 727 1315; x_wconf 82' lang='lat' dir='ltr'><strong>sotem,</strong></span> <span class='ocrx_word' id='word_1_193' title='bbox 741 1280 797 1305; x_wconf 86' lang='lat' dir='ltr'><strong>nunc</strong></span> 
     </span>
     <span class='ocr_line' id='line_1_25' title="bbox 82 1318 776 1371; baseline -0.003 -13"><span class='ocrx_word' id='word_1_194' title='bbox 82 1323 139 1358; x_wconf 80' lang='lat' dir='ltr'><strong>iuxta</strong></span> <span class='ocrx_word' id='word_1_195' title='bbox 149 1319 308 1369; x_wconf 83' lang='lat' dir='ltr'><strong>subsequuntur.</strong></span> <span class='ocrx_word' id='word_1_196' title='bbox 316 1319 329 1339; x_wconf 89' lang='lat'><strong>“</strong></span> <span class='ocrx_word' id='word_1_197' title='bbox 341 1341 343 1352; x_wconf 63' lang='lat'><strong>.</strong></span> <span class='ocrx_word' id='word_1_198' title='bbox 357 1319 427 1356; x_wconf 86' lang='lat' dir='ltr'><strong>Ceteri</strong></span> <span class='ocrx_word' id='word_1_199' title='bbox 438 1318 486 1355; x_wconf 85' lang='lat' dir='ltr'><strong>iibri</strong></span> <span class='ocrx_word' id='word_1_200' title='bbox 494 1331 586 1369; x_wconf 79' lang='lat' dir='ltr'><strong>praeter,</strong></span> <span class='ocrx_word' id='word_1_201' title='bbox 599 1326 624 1356; x_wconf 90' lang='lat' dir='ltr'><strong>ut</strong></span> <span class='ocrx_word' id='word_1_202' title='bbox 631 1319 693 1371; x_wconf 79' lang='lat' dir='ltr'><strong>vuigo</strong></span> <span class='ocrx_word' id='word_1_203' title='bbox 703 1320 776 1356; x_wconf 90' lang='lat' dir='ltr'><strong>editur.</strong></span> 
     </span>
    </p>

    <p class='ocr_par' dir='ltr' id='par_1_10' title="bbox 82 1368 799 1474">
     <span class='ocr_line' id='line_1_26' title="bbox 135 1368 799 1422; baseline -0.002 -13"><span class='ocrx_word' id='word_1_204' title='bbox 135 1368 179 1410; x_wconf 82' lang='grc'>144.</span> <span class='ocrx_word' id='word_1_205' title='bbox 205 1368 314 1421; x_wconf 77' lang='lat' dir='ltr'><strong>gerantur]</strong></span> <span class='ocrx_word' id='word_1_206' title='bbox 330 1369 360 1412; x_wconf 84' lang='lat' dir='ltr'><strong>sie</strong></span> <span class='ocrx_word' id='word_1_207' title='bbox 370 1382 442 1407; x_wconf 87' lang='lat' dir='ltr'><strong>omnes</strong></span> <span class='ocrx_word' id='word_1_208' title='bbox 450 1369 511 1417; x_wconf 80' lang='lat' dir='ltr'><strong>libri,</strong></span> <span class='ocrx_word' id='word_1_209' title='bbox 526 1383 576 1420; x_wconf 83' lang='lat' dir='ltr'><strong>quos</strong></span> <span class='ocrx_word' id='word_1_210' title='bbox 586 1371 646 1408; x_wconf 79' lang='lat' dir='ltr'><strong>Wak.</strong></span> <span class='ocrx_word' id='word_1_211' title='bbox 656 1376 714 1408; x_wconf 82' lang='lat' dir='ltr'><strong>recte</strong></span> <span class='ocrx_word' id='word_1_212' title='bbox 724 1382 799 1422; x_wconf 78' lang='lat' dir='ltr'><strong>sequu-</strong></span> 
     </span>
     <span class='ocr_line' id='line_1_27' title="bbox 82 1421 714 1474; baseline -0.002 -13"><span class='ocrx_word' id='word_1_213' title='bbox 82 1429 115 1461; x_wconf 88' lang='lat' dir='ltr'><strong>tus</strong></span> <span class='ocrx_word' id='word_1_214' title='bbox 124 1429 160 1460; x_wconf 79' lang='lat' dir='ltr'><strong>est.</strong></span> <span class='ocrx_word' id='word_1_215' title='bbox 186 1421 254 1472; x_wconf 79' lang='lat' dir='ltr'><strong>Vuiga</strong></span> <span class='ocrx_word' id='word_1_216' title='bbox 263 1433 364 1474; x_wconf 75' lang='lat' dir='ltr'><strong>genantur</strong></span> <span class='ocrx_word' id='word_1_217' title='bbox 377 1434 388 1459; x_wconf 87' lang='lat' dir='ltr'><strong>e</strong></span> <span class='ocrx_word' id='word_1_218' title='bbox 397 1421 460 1458; x_wconf 87' lang='lat' dir='ltr'><strong>solita</strong></span> <span class='ocrx_word' id='word_1_219' title='bbox 469 1421 565 1459; x_wconf 86' lang='lat' dir='ltr'><strong>Lambini</strong></span> <span class='ocrx_word' id='word_1_220' title='bbox 576 1423 714 1460; x_wconf 79' lang='lat' dir='ltr'><strong>correctione.</strong></span> 
     </span>
    </p>
   </div>
   <div class='ocr_carea' id='block_1_6' title="bbox 82 1483 839 2303">
    <p class='ocr_par' dir='ltr' id='par_1_11' title="bbox 82 1483 800 1791">
     <span class='ocr_line' id='line_1_28' title="bbox 134 1483 797 1526; baseline -0.002 -1"><span class='ocrx_word' id='word_1_221' title='bbox 134 1483 179 1526; x_wconf 77' lang='lat'>148.</span> <span class='ocrx_word' id='word_1_222' title='bbox 205 1488 242 1524; x_wconf 77' lang='lat' dir='ltr'><strong>sed</strong></span> <span class='ocrx_word' id='word_1_223' title='bbox 257 1487 293 1524; x_wconf 83' lang='lat' dir='ltr'><strong>nbi</strong></span> <span class='ocrx_word' id='word_1_224' title='bbox 307 1485 367 1525; x_wconf 84' lang='lat' dir='ltr'><strong>Wak.</strong></span> <span class='ocrx_word' id='word_1_225' title='bbox 384 1484 475 1522; x_wconf 83' lang='lat' dir='ltr'><strong>restituit</strong></span> <span class='ocrx_word' id='word_1_226' title='bbox 486 1497 510 1522; x_wconf 84' lang='lat' dir='ltr'><strong>ex</strong></span> <span class='ocrx_word' id='word_1_227' title='bbox 522 1485 618 1523; x_wconf 84' lang='lat' dir='ltr'><strong>omnibus</strong></span> <span class='ocrx_word' id='word_1_228' title='bbox 632 1486 694 1525; x_wconf 86' lang='lat' dir='ltr'><strong>Godd.</strong></span> <span class='ocrx_word' id='word_1_229' title='bbox 708 1491 729 1523; x_wconf 89' lang='lat' dir='ltr'><strong>et</strong></span> <span class='ocrx_word' id='word_1_230' title='bbox 740 1485 797 1524; x_wconf 82' lang='lat' dir='ltr'><strong>editt.</strong></span> 
     </span>
     <span class='ocr_line' id='line_1_29' title="bbox 83 1535 799 1590; baseline 0.001 -15"><span class='ocrx_word' id='word_1_231' title='bbox 83 1544 132 1576; x_wconf 87' lang='lat' dir='ltr'><strong>vett.</strong></span> <span class='ocrx_word' id='word_1_232' title='bbox 139 1555 147 1585; x_wconf 51' lang='lat'><strong>3¹</strong></span> <span class='ocrx_word' id='word_1_233' title='bbox 160 1567 172 1586; x_wconf 78' lang='lat'><strong>,‚</strong></span> <span class='ocrx_word' id='word_1_234' title='bbox 179 1550 228 1576; x_wconf 83' lang='lat' dir='ltr'><strong>nam</strong></span> <span class='ocrx_word' id='word_1_235' title='bbox 242 1540 348 1590; x_wconf 78' lang='lat' dir='ltr'><strong>pervenire</strong></span> <span class='ocrx_word' id='word_1_236' title='bbox 362 1552 413 1575; x_wconf 80' lang='lat' dir='ltr'><strong>taxa</strong></span> <span class='ocrx_word' id='word_1_237' title='bbox 427 1549 471 1574; x_wconf 91' lang='lat' dir='ltr'><strong>non</strong></span> <span class='ocrx_word' id='word_1_238' title='bbox 485 1535 554 1574; x_wconf 74' lang='lat' dir='ltr'><strong>minus</strong></span> <span class='ocrx_word' id='word_1_239' title='bbox 565 1544 623 1574; x_wconf 88' lang='lat' dir='ltr'><strong>recte</strong></span> <span class='ocrx_word' id='word_1_240' title='bbox 636 1536 723 1585; x_wconf 87' lang='lat' dir='ltr'><strong>dicitur,</strong></span> <span class='ocrx_word' id='word_1_241' title='bbox 738 1552 799 1590; x_wconf 83' lang='lat' dir='ltr'><strong>qnam</strong></span> 
     </span>
     <span class='ocr_line' id='line_1_30' title="bbox 82 1586 799 1643; baseline -0.004 -16"><span class='ocrx_word' id='word_1_242' title='bbox 82 1591 187 1643; x_wconf 76' lang='lat' dir='ltr'><strong>pervenire</strong></span> <span class='ocrx_word' id='word_1_243' title='bbox 196 1592 218 1627; x_wconf 88' lang='lat' dir='ltr'><strong>in</strong></span> <span class='ocrx_word' id='word_1_244' title='bbox 229 1604 292 1627; x_wconf 76' lang='lat' dir='ltr'><strong>saxa:</strong></span> <span class='ocrx_word' id='word_1_245' title='bbox 307 1587 360 1637; x_wconf 81' lang='lat' dir='ltr'><strong>(vid.</strong></span> <span class='ocrx_word' id='word_1_246' title='bbox 369 1591 480 1627; x_wconf 84' lang='lat' dir='ltr'><strong>Burmann.</strong></span> <span class='ocrx_word' id='word_1_247' title='bbox 493 1587 519 1625; x_wconf 85' lang='lat' dir='ltr'><strong>ad</strong></span> <span class='ocrx_word' id='word_1_248' title='bbox 531 1588 589 1625; x_wconf 83' lang='lat' dir='ltr'><strong>ovid.</strong></span> <span class='ocrx_word' id='word_1_249' title='bbox 599 1589 648 1625; x_wconf 89' lang='lat' dir='ltr'><strong>Met.</strong></span> <span class='ocrx_word' id='word_1_250' title='bbox 659 1586 762 1637; x_wconf 54' lang='grc'>111463.)</span> <span class='ocrx_word' id='word_1_251' title='bbox 778 1594 799 1625; x_wconf 90' lang='lat' dir='ltr'><strong>et</strong></span> 
     </span>
     <span class='ocr_line' id='line_1_31' title="bbox 83 1639 798 1691; baseline -0.004 -12"><span class='ocrx_word' id='word_1_252' title='bbox 83 1639 192 1691; x_wconf 77' lang='lat' dir='ltr'><strong>probabile</strong></span> <span class='ocrx_word' id='word_1_253' title='bbox 210 1646 250 1688; x_wconf 89' lang='lat' dir='ltr'><strong>est,</strong></span> <span class='ocrx_word' id='word_1_254' title='bbox 265 1639 388 1676; x_wconf 84' lang='lat' dir='ltr'><strong>varietatem</strong></span> <span class='ocrx_word' id='word_1_255' title='bbox 397 1639 493 1676; x_wconf 82' lang='lat' dir='ltr'><strong>lectionis</strong></span> <span class='ocrx_word' id='word_1_256' title='bbox 502 1639 552 1678; x_wconf 86' lang='lat' dir='ltr'><strong>ibid.</strong></span> <span class='ocrx_word' id='word_1_257' title='bbox 567 1642 594 1688; x_wconf 88' lang='lat' dir='ltr'><strong>X,</strong></span> <span class='ocrx_word' id='word_1_258' title='bbox 603 1640 648 1678; x_wconf 81' lang='lat'>718.</span> <span class='ocrx_word' id='word_1_259' title='bbox 662 1652 705 1676; x_wconf 88' lang='lat' dir='ltr'><strong>non</strong></span> <span class='ocrx_word' id='word_1_260' title='bbox 717 1639 759 1676; x_wconf 85' lang='lat' dir='ltr'><strong>aiio</strong></span> <span class='ocrx_word' id='word_1_261' title='bbox 772 1639 798 1676; x_wconf 87' lang='lat' dir='ltr'><strong>de</strong></span> 
     </span>
     <span class='ocr_line' id='line_1_32' title="bbox 83 1689 800 1744; baseline 0 -14"><span class='ocrx_word' id='word_1_262' title='bbox 83 1690 299 1730; x_wconf 74' lang='lat' dir='ltr'><strong>fonte.menavisse.“</strong></span> <span class='ocrx_word' id='word_1_263' title='bbox 313 1694 344 1730; x_wconf 84' lang='lat' dir='ltr'><em>W</em></span> <span class='ocrx_word' id='word_1_264' title='bbox 346 1705 359 1728; x_wconf 88' lang='lat' dir='ltr'><strong>a</strong></span> <span class='ocrx_word' id='word_1_265' title='bbox 365 1693 384 1729; x_wconf 71' lang='lat' dir='ltr'><strong>le.</strong></span> <span class='ocrx_word' id='word_1_266' title='bbox 410 1689 479 1741; x_wconf 83' lang='lat' dir='ltr'><strong>Vulgo</strong></span> <span class='ocrx_word' id='word_1_267' title='bbox 493 1689 516 1727; x_wconf 87' lang='lat' dir='ltr'><strong>in</strong></span> <span class='ocrx_word' id='word_1_268' title='bbox 530 1690 582 1744; x_wconf 74' lang='lat' dir='ltr'><strong>loco</strong></span> <span class='ocrx_word' id='word_1_269' title='bbox 595 1696 667 1727; x_wconf 85' lang='lat' dir='ltr'><strong>nostro</strong></span> <span class='ocrx_word' id='word_1_270' title='bbox 684 1689 752 1727; x_wconf 87' lang='lat' dir='ltr'><strong>editur</strong></span> <span class='ocrx_word' id='word_1_271' title='bbox 762 1692 800 1730; x_wconf 79' lang='lat' dir='ltr'><strong>sed</strong></span> 
     </span>
     <span class='ocr_line' id='line_1_33' title="bbox 84 1741 566 1791; baseline -0.012 -9"><span class='ocrx_word' id='word_1_272' title='bbox 84 1747 118 1791; x_wconf 85' lang='lat' dir='ltr'><strong>in,</strong></span> <span class='ocrx_word' id='word_1_273' title='bbox 132 1748 206 1779; x_wconf 88' lang='lat' dir='ltr'><strong>contra</strong></span> <span class='ocrx_word' id='word_1_274' title='bbox 217 1741 289 1785; x_wconf 79' lang='lat' dir='ltr'><strong>libros.</strong></span> <span class='ocrx_word' id='word_1_275' title='bbox 564 1760 566 1763; x_wconf 95' lang='lat'>·</span> 
     </span>
    </p>

    <p class='ocr_par' dir='ltr' id='par_1_12' title="bbox 83 1790 839 2048">
     <span class='ocr_line' id='line_1_34' title="bbox 135 1790 797 1841; baseline -0.008 -8"><span class='ocrx_word' id='word_1_276' title='bbox 135 1791 180 1833; x_wconf 82' lang='grc'>149.</span> <span class='ocrx_word' id='word_1_277' title='bbox 206 1792 317 1841; x_wconf 81' lang='lat' dir='ltr'><strong>materiem]</strong></span> <span class='ocrx_word' id='word_1_278' title='bbox 331 1791 360 1829; x_wconf 86' lang='lat' dir='ltr'><strong>sic</strong></span> <span class='ocrx_word' id='word_1_279' title='bbox 371 1791 420 1831; x_wconf 86' lang='lat' dir='ltr'><strong>Brit.</strong></span> <span class='ocrx_word' id='word_1_280' title='bbox 427 1794 446 1830; x_wconf 89' lang='lat'><strong>1.</strong></span> <span class='ocrx_word' id='word_1_281' title='bbox 453 1792 472 1830; x_wconf 75' lang='lat'><strong>2.</strong></span> <span class='ocrx_word' id='word_1_282' title='bbox 479 1792 498 1830; x_wconf 88' lang='grc'>3.</span> <span class='ocrx_word' id='word_1_283' title='bbox 509 1792 560 1830; x_wconf 89' lang='lat' dir='ltr'><strong>Ven.</strong></span> <span class='ocrx_word' id='word_1_284' title='bbox 569 1790 614 1828; x_wconf 86' lang='lat' dir='ltr'><strong>Ald.</strong></span> <span class='ocrx_word' id='word_1_285' title='bbox 622 1793 640 1831; x_wconf 90' lang='lat'><strong>1.</strong></span> <span class='ocrx_word' id='word_1_286' title='bbox 647 1792 667 1832; x_wconf 70' lang='grc'><strong>2.</strong></span> <span class='ocrx_word' id='word_1_287' title='bbox 677 1793 725 1829; x_wconf 83' lang='lat' dir='ltr'><strong>Bon.</strong></span> <span class='ocrx_word' id='word_1_288' title='bbox 735 1795 797 1839; x_wconf 88' lang='lat' dir='ltr'><strong>Iunt.,</strong></span> 
     </span>
     <span class='ocr_line' id='line_1_35' title="bbox 84 1842 799 1897; baseline -0.006 -13"><span class='ocrx_word' id='word_1_289' title='bbox 84 1844 141 1897; x_wconf 88' lang='lat' dir='ltr'><strong>quod</strong></span> <span class='ocrx_word' id='word_1_290' title='bbox 158 1856 206 1882; x_wconf 86' lang='lat' dir='ltr'><strong>cum</strong></span> <span class='ocrx_word' id='word_1_291' title='bbox 219 1843 278 1894; x_wconf 72' lang='lat' dir='ltr'><strong>vulg.</strong></span> <span class='ocrx_word' id='word_1_292' title='bbox 293 1842 351 1881; x_wconf 84' lang='lat' dir='ltr'><strong>editt.</strong></span> <span class='ocrx_word' id='word_1_293' title='bbox 365 1843 449 1883; x_wconf 89' lang='lat' dir='ltr'><strong>retinui.</strong></span> <span class='ocrx_word' id='word_1_294' title='bbox 463 1844 530 1890; x_wconf 66' lang='lat' dir='ltr'><strong>Dant.</strong></span> <span class='ocrx_word' id='word_1_295' title='bbox 545 1854 652 1893; x_wconf 82' lang='lat' dir='ltr'><strong>naturam,</strong></span> <span class='ocrx_word' id='word_1_296' title='bbox 672 1843 735 1880; x_wconf 87' lang='lat' dir='ltr'><strong>ceteri</strong></span> <span class='ocrx_word' id='word_1_297' title='bbox 749 1842 799 1881; x_wconf 83' lang='lat' dir='ltr'><strong>iibri</strong></span> 
     </span>
     <span class='ocr_line' id='line_1_36' title="bbox 83 1893 839 1947; baseline -0.008 -10"><span class='ocrx_word' id='word_1_298' title='bbox 83 1898 196 1944; x_wconf 81' lang='lat' dir='ltr'><strong>materiam,</strong></span> <span class='ocrx_word' id='word_1_299' title='bbox 211 1895 267 1947; x_wconf 89' lang='lat' dir='ltr'><strong>quod</strong></span> <span class='ocrx_word' id='word_1_300' title='bbox 277 1894 337 1932; x_wconf 84' lang='lat' dir='ltr'><strong>Wak.</strong></span> <span class='ocrx_word' id='word_1_301' title='bbox 348 1900 368 1931; x_wconf 86' lang='lat' dir='ltr'><strong>et</strong></span> <span class='ocrx_word' id='word_1_302' title='bbox 377 1893 452 1932; x_wconf 84' lang='lat' dir='ltr'><strong>Eichst.</strong></span> <span class='ocrx_word' id='word_1_303' title='bbox 464 1900 596 1942; x_wconf 82' lang='lat' dir='ltr'><strong>receperunt.</strong></span> <span class='ocrx_word' id='word_1_304' title='bbox 617 1898 644 1933; x_wconf 86' lang='lat' dir='ltr'><strong>Ut</strong></span> <span class='ocrx_word' id='word_1_305' title='bbox 653 1900 729 1940; x_wconf 79' lang='lat' dir='ltr'><strong>autem,</strong></span> <span class='ocrx_word' id='word_1_306' title='bbox 742 1894 799 1944; x_wconf 91' lang='lat' dir='ltr'><strong>quod</strong></span> <span class='ocrx_word' id='word_1_307' title='bbox 837 1924 839 1927; x_wconf 86' lang='lat'><strong>.</strong></span> 
     </span>
     <span class='ocr_line' id='line_1_37' title="bbox 83 1944 798 1998; baseline 0 -14"><span class='ocrx_word' id='word_1_308' title='bbox 83 1949 146 1998; x_wconf 79' lang='lat' dir='ltr'><strong>vulgo</strong></span> <span class='ocrx_word' id='word_1_309' title='bbox 162 1953 210 1998; x_wconf 83' lang='lat' dir='ltr'><strong>post</strong></span> <span class='ocrx_word' id='word_1_310' title='bbox 225 1949 328 1986; x_wconf 81' lang='lat' dir='ltr'><strong>materiem</strong></span> <span class='ocrx_word' id='word_1_311' title='bbox 340 1945 441 1997; x_wconf 83' lang='lat' dir='ltr'><strong>insertum</strong></span> <span class='ocrx_word' id='word_1_312' title='bbox 457 1944 546 1995; x_wconf 77' lang='lat' dir='ltr'><strong>legitur,</strong></span> <span class='ocrx_word' id='word_1_313' title='bbox 572 1957 621 1982; x_wconf 84' lang='lat' dir='ltr'><strong>cnm</strong></span> <span class='ocrx_word' id='word_1_314' title='bbox 637 1944 669 1982; x_wconf 86' lang='lat' dir='ltr'><strong>his</strong></span> <span class='ocrx_word' id='word_1_315' title='bbox 685 1945 798 1984; x_wconf 81' lang='lat' dir='ltr'><strong>editoribus</strong></span> 
     </span>
     <span class='ocr_line' id='line_1_38' title="bbox 85 1995 733 2048; baseline -0.005 -11"><span class='ocrx_word' id='word_1_316' title='bbox 85 2000 158 2043; x_wconf 80' lang='lat' dir='ltr'><strong>amisi,</strong></span> <span class='ocrx_word' id='word_1_317' title='bbox 172 2004 246 2048; x_wconf 84' lang='lat' dir='ltr'><strong>utpote</strong></span> <span class='ocrx_word' id='word_1_318' title='bbox 258 1998 283 2035; x_wconf 84' lang='lat' dir='ltr'><strong>ah</strong></span> <span class='ocrx_word' id='word_1_319' title='bbox 294 1997 389 2034; x_wconf 91' lang='lat' dir='ltr'><strong>omnihus</strong></span> <span class='ocrx_word' id='word_1_320' title='bbox 400 1995 462 2035; x_wconf 86' lang='lat' dir='ltr'><strong>Codd.</strong></span> <span class='ocrx_word' id='word_1_321' title='bbox 475 2003 495 2032; x_wconf 86' lang='lat' dir='ltr'><strong>et</strong></span> <span class='ocrx_word' id='word_1_322' title='bbox 504 2002 554 2033; x_wconf 86' lang='lat' dir='ltr'><strong>vett.</strong></span> <span class='ocrx_word' id='word_1_323' title='bbox 565 1995 622 2034; x_wconf 89' lang='lat' dir='ltr'><strong>editt.</strong></span> <span class='ocrx_word' id='word_1_324' title='bbox 634 1995 733 2034; x_wconf 79' lang='lat' dir='ltr'><strong>alienum.</strong></span> 
     </span>
    </p>

    <p class='ocr_par' dir='ltr' id='par_1_13' title="bbox 83 2046 798 2154">
     <span class='ocr_line' id='line_1_39' title="bbox 134 2046 798 2099; baseline -0.008 -8"><span class='ocrx_word' id='word_1_325' title='bbox 134 2052 181 2091; x_wconf 74' lang='lat'><strong>152.</strong></span> <span class='ocrx_word' id='word_1_326' title='bbox 208 2049 297 2098; x_wconf 83' lang='lat' dir='ltr'><strong>accidit]</strong></span> <span class='ocrx_word' id='word_1_327' title='bbox 312 2048 342 2086; x_wconf 88' lang='lat' dir='ltr'><strong>sio</strong></span> <span class='ocrx_word' id='word_1_328' title='bbox 354 2048 420 2099; x_wconf 83' lang='lat' dir='ltr'><strong>Lugd.</strong></span> <span class='ocrx_word' id='word_1_329' title='bbox 433 2049 451 2087; x_wconf 89' lang='grc'><strong>1.</strong></span> <span class='ocrx_word' id='word_1_330' title='bbox 462 2049 482 2086; x_wconf 78' lang='lat'><strong>2.</strong></span> <span class='ocrx_word' id='word_1_331' title='bbox 494 2046 618 2086; x_wconf 72' lang='grc' dir='ltr'>Βοᾶ1.1ιωτ.</span> <span class='ocrx_word' id='word_1_332' title='bbox 633 2054 654 2085; x_wconf 92' lang='lat' dir='ltr'><strong>et</strong></span> <span class='ocrx_word' id='word_1_333' title='bbox 662 2047 707 2087; x_wconf 83' lang='lat' dir='ltr'><strong>Ald.</strong></span> <span class='ocrx_word' id='word_1_334' title='bbox 717 2050 749 2096; x_wconf 62' lang='lat'><strong>23</strong></span> <span class='ocrx_word' id='word_1_335' title='bbox 762 2059 798 2086; x_wconf 88' lang='lat' dir='ltr'><strong>re-</strong></span> 
     </span>
     <span class='ocr_line' id='line_1_40' title="bbox 83 2101 715 2154; baseline -0.003 -14"><span class='ocrx_word' id='word_1_336' title='bbox 83 2102 136 2154; x_wconf 71' lang='lat' dir='ltr'><strong>liqui</strong></span> <span class='ocrx_word' id='word_1_337' title='bbox 146 2101 196 2139; x_wconf 82' lang='lat' dir='ltr'><strong>iibri</strong></span> <span class='ocrx_word' id='word_1_338' title='bbox 206 2102 286 2141; x_wconf 75' lang='lat' dir='ltr'><strong>occidit.</strong></span> <span class='ocrx_word' id='word_1_339' title='bbox 711 2136 715 2138; x_wconf 90' lang='lat'><strong>.</strong></span> 
     </span>
    </p>

    <p class='ocr_par' dir='ltr' id='par_1_14' title="bbox 84 2147 798 2303">
     <span class='ocr_line' id='line_1_41' title="bbox 136 2147 798 2204; baseline -0.008 -11"><span class='ocrx_word' id='word_1_340' title='bbox 136 2154 181 2193; x_wconf 82' lang='lat'>153.</span> <span class='ocrx_word' id='word_1_341' title='bbox 205 2162 291 2204; x_wconf 73' lang='lat' dir='ltr'><strong>possunt</strong></span> <span class='ocrx_word' id='word_1_342' title='bbox 304 2149 366 2191; x_wconf 78' lang='lat' dir='ltr'><strong>Wak.</strong></span> <span class='ocrx_word' id='word_1_343' title='bbox 382 2149 447 2188; x_wconf 88' lang='lat' dir='ltr'><strong>edidit</strong></span> <span class='ocrx_word' id='word_1_344' title='bbox 461 2154 513 2187; x_wconf 74' lang='lat' dir='ltr'><strong>‘cum</strong></span> <span class='ocrx_word' id='word_1_345' title='bbox 534 2147 628 2199; x_wconf 81' lang='lat' dir='ltr'><strong>piurimis</strong></span> <span class='ocrx_word' id='word_1_346' title='bbox 646 2149 717 2196; x_wconf 77' lang='lat' dir='ltr'><strong>libris3</strong></span> <span class='ocrx_word' id='word_1_347' title='bbox 740 2150 798 2189; x_wconf 85' lang='lat' dir='ltr'><strong>Bodi.</strong></span> 
     </span>
     <span class='ocr_line' id='line_1_42' title="bbox 84 2198 798 2255; baseline -0.004 -13"><span class='ocrx_word' id='word_1_348' title='bbox 84 2203 144 2242; x_wconf 89' lang='lat' dir='ltr'><strong>Vind.</strong></span> <span class='ocrx_word' id='word_1_349' title='bbox 155 2211 175 2241; x_wconf 90' lang='lat' dir='ltr'><strong>et</strong></span> <span class='ocrx_word' id='word_1_350' title='bbox 185 2204 233 2241; x_wconf 87' lang='lat' dir='ltr'><strong>Brit.</strong></span> <span class='ocrx_word' id='word_1_351' title='bbox 240 2205 259 2243; x_wconf 84' lang='lat'><strong>3.</strong></span> <span class='ocrx_word' id='word_1_352' title='bbox 268 2205 383 2255; x_wconf 52' lang='lat' dir='ltr'><strong>possit‚,ut</strong></span> <span class='ocrx_word' id='word_1_353' title='bbox 390 2202 486 2253; x_wconf 76' lang='lat' dir='ltr'><strong>vulgares</strong></span> <span class='ocrx_word' id='word_1_354' title='bbox 499 2198 605 2241; x_wconf 86' lang='lat' dir='ltr'><strong>editiones.</strong></span> <span class='ocrx_word' id='word_1_355' title='bbox 618 2223 644 2231; x_wconf 90' lang='lat'><em>-</em></span> <span class='ocrx_word' id='word_1_356' title='bbox 657 2202 717 2253; x_wconf 83' lang='lat' dir='ltr'><strong>ante]</strong></span> <span class='ocrx_word' id='word_1_357' title='bbox 731 2201 798 2255; x_wconf 80' lang='lat' dir='ltr'><strong>Lugd.</strong></span> 
     </span>
     <span class='ocr_line' id='line_1_43' title="bbox 84 2254 346 2303; baseline -0.027 -6"><span class='ocrx_word' id='word_1_358' title='bbox 84 2258 104 2297; x_wconf 82' lang='lat'><strong>1.</strong></span> <span class='ocrx_word' id='word_1_359' title='bbox 115 2257 135 2296; x_wconf 70' lang='lat'><strong>2.</strong></span> <span class='ocrx_word' id='word_1_360' title='bbox 147 2266 226 2303; x_wconf 84' lang='lat' dir='ltr'><strong>nutem,</strong></span> <span class='ocrx_word' id='word_1_361' title='bbox 242 2254 346 2292; x_wconf 87' lang='lat' dir='ltr'><strong>mendose.</strong></span> 
     </span>
    </p>
   </div>
   <div class='ocr_carea' id='block_1_7' title="bbox 83 2314 814 2528">
    <p class='ocr_par' dir='ltr' id='par_1_15' title="bbox 83 2314 814 2528">
     <span class='ocr_line' id='line_1_44' title="bbox 137 2314 798 2367; baseline -0.008 -8"><span class='ocrx_word' id='word_1_362' title='bbox 137 2320 181 2359; x_wconf 84' lang='lat'>155.</span> <span class='ocrx_word' id='word_1_363' title='bbox 207 2320 320 2357; x_wconf 78' lang='lat' dir='ltr'><strong>redundent</strong></span> <span class='ocrx_word' id='word_1_364' title='bbox 328 2316 392 2354; x_wconf 83' lang='lat' dir='ltr'><strong>lectio</strong></span> <span class='ocrx_word' id='word_1_365' title='bbox 403 2323 434 2355; x_wconf 89' lang='lat' dir='ltr'><strong>est</strong></span> <span class='ocrx_word' id='word_1_366' title='bbox 444 2314 585 2367; x_wconf 83' lang='lat' dir='ltr'><strong>plurimorum</strong></span> <span class='ocrx_word' id='word_1_367' title='bbox 594 2317 704 2366; x_wconf 79' lang='lat' dir='ltr'><strong>librorum,</strong></span> <span class='ocrx_word' id='word_1_368' title='bbox 715 2329 728 2354; x_wconf 88' lang='lat' dir='ltr'><strong>a</strong></span> <span class='ocrx_word' id='word_1_369' title='bbox 737 2317 764 2355; x_wconf 88' lang='lat' dir='ltr'>W</span> <span class='ocrx_word' id='word_1_370' title='bbox 765 2315 798 2355; x_wconf 82' lang='lat' dir='ltr'><strong>ak.</strong></span> 
     </span>
     <span class='ocr_line' id='line_1_45' title="bbox 83 2367 798 2422; baseline -0.004 -11"><span class='ocrx_word' id='word_1_371' title='bbox 83 2371 238 2411; x_wconf 76' lang='lat' dir='ltr'><strong>incantantum</strong></span> <span class='ocrx_word' id='word_1_372' title='bbox 248 2374 356 2416; x_wconf 79' lang='lat' dir='ltr'><strong>revocata3</strong></span> <span class='ocrx_word' id='word_1_373' title='bbox 371 2368 420 2407; x_wconf 89' lang='lat' dir='ltr'><strong>Brit.</strong></span> <span class='ocrx_word' id='word_1_374' title='bbox 429 2370 449 2408; x_wconf 73' lang='grc' dir='ltr'><strong>Ξ.</strong></span> <span class='ocrx_word' id='word_1_375' title='bbox 459 2367 569 2417; x_wconf 72' lang='lat' dir='ltr'><strong>Vendld.</strong></span> <span class='ocrx_word' id='word_1_376' title='bbox 576 2370 594 2408; x_wconf 92' lang='lat'><strong>1.</strong></span> <span class='ocrx_word' id='word_1_377' title='bbox 607 2376 627 2407; x_wconf 91' lang='lat' dir='ltr'><strong>et</strong></span> <span class='ocrx_word' id='word_1_378' title='bbox 635 2372 685 2408; x_wconf 84' lang='lat' dir='ltr'><strong>Bon·</strong></span> <span class='ocrx_word' id='word_1_379' title='bbox 691 2380 798 2422; x_wconf 76' lang='lat' dir='ltr'><strong>geruntur,</strong></span> 
     </span>
     <span class='ocr_line' id='line_1_46' title="bbox 84 2418 814 2473; baseline -0.005 -10"><span class='ocrx_word' id='word_1_380' title='bbox 84 2425 140 2463; x_wconf 89' lang='lat' dir='ltr'><strong>unde</strong></span> <span class='ocrx_word' id='word_1_381' title='bbox 153 2420 176 2460; x_wconf 85' lang='lat' dir='ltr'><strong>in</strong></span> <span class='ocrx_word' id='word_1_382' title='bbox 190 2419 246 2470; x_wconf 82' lang='lat' dir='ltr'><strong>vulg.</strong></span> <span class='ocrx_word' id='word_1_383' title='bbox 263 2421 320 2459; x_wconf 78' lang='lat' dir='ltr'><strong>editt.</strong></span> <span class='ocrx_word' id='word_1_384' title='bbox 331 2432 433 2471; x_wconf 82' lang='lat' dir='ltr'><strong>gennntnr</strong></span> <span class='ocrx_word' id='word_1_385' title='bbox 442 2418 528 2471; x_wconf 80' lang='lat' dir='ltr'><strong>legitur,</strong></span> <span class='ocrx_word' id='word_1_386' title='bbox 542 2421 638 2469; x_wconf 79' lang='lat' dir='ltr'><strong>varille,</strong></span> <span class='ocrx_word' id='word_1_387' title='bbox 652 2432 715 2473; x_wconf 83' lang='lat' dir='ltr'><strong>quam</strong></span> <span class='ocrx_word' id='word_1_388' title='bbox 726 2420 798 2459; x_wconf 79' lang='lat' dir='ltr'><strong>Lamb.</strong></span> <span class='ocrx_word' id='word_1_389' title='bbox 811 2468 814 2472; x_wconf 68' lang='lat'><em>,</em></span> 
     </span>
     <span class='ocr_line' id='line_1_47' title="bbox 84 2470 589 2528; baseline -0.018 -13"><span class='ocrx_word' id='word_1_390' title='bbox 84 2477 107 2515; x_wconf 86' lang='lat' dir='ltr'><strong>in</strong></span> <span class='ocrx_word' id='word_1_391' title='bbox 115 2473 194 2514; x_wconf 83' lang='lat' dir='ltr'><strong>deliciis</strong></span> <span class='ocrx_word' id='word_1_392' title='bbox 204 2472 299 2528; x_wconf 60' lang='lat' dir='ltr'><strong>habuisge</strong></span> <span class='ocrx_word' id='word_1_393' title='bbox 308 2470 397 2510; x_wconf 83' lang='lat' dir='ltr'><strong>videtur.</strong></span> <span class='ocrx_word' id='word_1_394' title='bbox 585 2484 589 2487; x_wconf 52' lang='lat'><strong>⁴</strong></span> 
     </span>
    </p>
   </div>
   <div class='ocr_carea' id='block_1_8' title="bbox 0 0 850 2654">
    <p class='ocr_par' dir='ltr' id='par_1_16' title="bbox 0 0 850 2654">
     <span class='ocr_line' id='line_1_48' title="bbox 0 0 850 2654; baseline 0 0"><span class='ocrx_word' id='word_1_395' title='bbox 0 0 850 2654; x_wconf 95' lang='lat' dir='ltr'><strong> </strong></span> 
     </span>
    </p>
   </div>
  </div>
 </body>
</html>
