<?xml version="1.0" encoding="UTF-8"?>
<!DOCTYPE html PUBLIC "-//W3C//DTD XHTML 1.0 Transitional//EN"
    "http://www.w3.org/TR/xhtml1/DTD/xhtml1-transitional.dtd">
<html xmlns="http://www.w3.org/1999/xhtml" xml:lang="en" lang="en">
 <head>
  <title>
</title>
<meta http-equiv="Content-Type" content="text/html;charset=utf-8" />
  <meta name='ocr-system' content='tesseract 3.04.00' />
  <meta name='ocr-capabilities' content='ocr_page ocr_carea ocr_par ocr_line ocrx_word'/>
</head>
<body>
  <div class='ocr_page' id='page_1' title='image "./MN40048ucmf_3_0318.png"; bbox 0 0 1690 2654; ppageno 0'>
   <div class='ocr_carea' id='block_1_1' title="bbox 58 98 551 183">
    <p class='ocr_par' dir='ltr' id='par_1_1' title="bbox 58 98 551 183">
     <span class='ocr_line' id='line_1_1' title="bbox 58 98 551 183; baseline -0.004 -15"><span class='ocrx_word' id='word_1_1' title='bbox 58 127 108 183; x_wconf 73' lang='lat'>232</span> <span class='ocrx_word' id='word_1_2' title='bbox 126 143 128 145; x_wconf 57' lang='lat'>&gt;</span> <span class='ocrx_word' id='word_1_3' title='bbox 280 98 551 167; x_wconf 63' lang='lat' dir='ltr'><strong>ANNOTATIONES</strong></span> 
     </span>
    </p>
   </div>
   <div class='ocr_carea' id='block_1_2' title="bbox 20 232 798 2520">
    <p class='ocr_par' dir='ltr' id='par_1_2' title="bbox 20 232 780 384">
     <span class='ocr_line' id='line_1_2' title="bbox 20 232 778 288; baseline -0.004 -7"><span class='ocrx_word' id='word_1_4' title='bbox 20 280 23 281; x_wconf 13' lang='grc' dir='ltr'><em>γ</em></span> <span class='ocrx_word' id='word_1_5' title='bbox 60 252 80 278; x_wconf 87' lang='lat' dir='ltr'>v.</span> <span class='ocrx_word' id='word_1_6' title='bbox 90 239 134 279; x_wconf 67' lang='lat'>393.</span> <span class='ocrx_word' id='word_1_7' title='bbox 147 242 168 275; x_wconf 87' lang='lat' dir='ltr'>et</span> <span class='ocrx_word' id='word_1_8' title='bbox 177 232 275 280; x_wconf 61' lang='lat' dir='ltr'>enisio,</span> <span class='ocrx_word' id='word_1_9' title='bbox 294 241 318 274; x_wconf 88' lang='lat' dir='ltr'>ut</span> <span class='ocrx_word' id='word_1_10' title='bbox 328 234 390 273; x_wconf 85' lang='lat' dir='ltr'>hodie</span> <span class='ocrx_word' id='word_1_11' title='bbox 405 233 427 272; x_wconf 88' lang='lat' dir='ltr'>in</span> <span class='ocrx_word' id='word_1_12' title='bbox 439 234 504 273; x_wconf 89' lang='lat' dir='ltr'>Codd.</span> <span class='ocrx_word' id='word_1_13' title='bbox 514 235 606 288; x_wconf 82' lang='lat' dir='ltr'>legitur,</span> <span class='ocrx_word' id='word_1_14' title='bbox 624 244 731 277; x_wconf 83' lang='lat' dir='ltr'>mutatum</span> <span class='ocrx_word' id='word_1_15' title='bbox 742 252 778 278; x_wconf 89' lang='lat' dir='ltr'>su-</span> 
     </span>
     <span class='ocr_line' id='line_1_3' title="bbox 60 287 780 343; baseline 0.004 -15"><span class='ocrx_word' id='word_1_16' title='bbox 60 290 135 340; x_wconf 80' lang='lat' dir='ltr'>spicor.</span> <span class='ocrx_word' id='word_1_17' title='bbox 159 289 269 326; x_wconf 85' lang='lat' dir='ltr'>Praeterea</span> <span class='ocrx_word' id='word_1_18' title='bbox 285 287 307 326; x_wconf 90' lang='lat' dir='ltr'>in</span> <span class='ocrx_word' id='word_1_19' title='bbox 322 287 429 326; x_wconf 78' lang='lat' dir='ltr'>nonnullis</span> <span class='ocrx_word' id='word_1_20' title='bbox 445 290 491 329; x_wconf 88' lang='lat' dir='ltr'>Mss.</span> <span class='ocrx_word' id='word_1_21' title='bbox 502 295 523 326; x_wconf 87' lang='lat' dir='ltr'>et</span> <span class='ocrx_word' id='word_1_22' title='bbox 539 288 598 331; x_wconf 83' lang='lat' dir='ltr'>editt.</span> <span class='ocrx_word' id='word_1_23' title='bbox 607 296 658 330; x_wconf 86' lang='lat' dir='ltr'>vett.</span> <span class='ocrx_word' id='word_1_24' title='bbox 675 292 780 343; x_wconf 76' lang='lat' dir='ltr'>usquead</span> 
     </span>
     <span class='ocr_line' id='line_1_4' title="bbox 58 339 583 384; baseline -0.004 -3"><span class='ocrx_word' id='word_1_25' title='bbox 58 345 113 382; x_wconf 86' lang='lat' dir='ltr'>lunt.</span> <span class='ocrx_word' id='word_1_26' title='bbox 125 339 221 379; x_wconf 87' lang='lat' dir='ltr'>omnihus</span> <span class='ocrx_word' id='word_1_27' title='bbox 232 340 302 379; x_wconf 88' lang='lat' dir='ltr'>versui</span> <span class='ocrx_word' id='word_1_28' title='bbox 311 339 343 381; x_wconf 78' lang='lat'>41.</span> <span class='ocrx_word' id='word_1_29' title='bbox 355 341 381 384; x_wconf 85' lang='lat' dir='ltr'>hi</span> <span class='ocrx_word' id='word_1_30' title='bbox 394 339 435 378; x_wconf 87' lang='lat' dir='ltr'>duo</span> <span class='ocrx_word' id='word_1_31' title='bbox 446 340 583 379; x_wconf 84' lang='lat' dir='ltr'>adiiciuntur:</span> 
     </span>
    </p>

    <p class='ocr_par' dir='ltr' id='par_1_3' title="bbox 182 392 622 445">
     <span class='ocr_line' id='line_1_5' title="bbox 182 392 622 445; baseline 0.002 -15"><span class='ocrx_word' id='word_1_32' title='bbox 182 392 282 431; x_wconf 86' lang='lat' dir='ltr'>Subsidiis</span> <span class='ocrx_word' id='word_1_33' title='bbox 292 394 373 445; x_wconf 82' lang='lat' dir='ltr'>magnis</span> <span class='ocrx_word' id='word_1_34' title='bbox 382 393 466 444; x_wconf 88' lang='lat' dir='ltr'>Epicuri</span> <span class='ocrx_word' id='word_1_35' title='bbox 478 393 622 433; x_wconf 84' lang='lat' dir='ltr'>constabilitas</span> 
     </span>
    </p>

    <p class='ocr_par' dir='ltr' id='par_1_4' title="bbox 182 447 685 498">
     <span class='ocr_line' id='line_1_6' title="bbox 182 447 685 498; baseline 0.004 -16"><span class='ocrx_word' id='word_1_36' title='bbox 182 447 268 483; x_wconf 80' lang='lat' dir='ltr'>Ornatas</span> <span class='ocrx_word' id='word_1_37' title='bbox 280 448 343 485; x_wconf 87' lang='lat' dir='ltr'>armis</span> <span class='ocrx_word' id='word_1_38' title='bbox 353 452 431 483; x_wconf 83' lang='lat' dir='ltr'>statuas</span> <span class='ocrx_word' id='word_1_39' title='bbox 445 451 565 498; x_wconf 82' lang='lat' dir='ltr'>stantesque</span> <span class='ocrx_word' id='word_1_40' title='bbox 576 447 685 496; x_wconf 82' lang='lat' dir='ltr'>animatas,</span> 
     </span>
    </p>

    <p class='ocr_par' dir='ltr' id='par_1_5' title="bbox 57 495 787 797">
     <span class='ocr_line' id='line_1_7' title="bbox 58 495 782 551; baseline 0.003 -16"><span class='ocrx_word' id='word_1_41' title='bbox 58 509 71 535; x_wconf 79' lang='lat' dir='ltr'>a</span> <span class='ocrx_word' id='word_1_42' title='bbox 82 495 173 535; x_wconf 82' lang='lat' dir='ltr'>librariis</span> <span class='ocrx_word' id='word_1_43' title='bbox 188 498 237 548; x_wconf 88' lang='lat' dir='ltr'>ipsis</span> <span class='ocrx_word' id='word_1_44' title='bbox 248 499 291 537; x_wconf 82' lang='lat' dir='ltr'>iam</span> <span class='ocrx_word' id='word_1_45' title='bbox 305 498 371 550; x_wconf 83' lang='lat' dir='ltr'>spurii</span> <span class='ocrx_word' id='word_1_46' title='bbox 378 497 457 548; x_wconf 85' lang='lat' dir='ltr'>habiti,</span> <span class='ocrx_word' id='word_1_47' title='bbox 476 512 541 550; x_wconf 84' lang='lat' dir='ltr'>quum</span> <span class='ocrx_word' id='word_1_48' title='bbox 555 501 577 537; x_wconf 90' lang='lat' dir='ltr'>in</span> <span class='ocrx_word' id='word_1_49' title='bbox 589 499 637 540; x_wconf 88' lang='lat' dir='ltr'>God.</span> <span class='ocrx_word' id='word_1_50' title='bbox 651 499 711 539; x_wconf 88' lang='lat' dir='ltr'>Vind.</span> <span class='ocrx_word' id='word_1_51' title='bbox 727 500 782 551; x_wconf 85' lang='lat' dir='ltr'>(qui</span> 
     </span>
     <span class='ocr_line' id='line_1_8' title="bbox 58 549 778 599; baseline 0.008 -13"><span class='ocrx_word' id='word_1_52' title='bbox 58 549 150 587; x_wconf 78' lang='lat' dir='ltr'>alterum</span> <span class='ocrx_word' id='word_1_53' title='bbox 160 562 244 588; x_wconf 85' lang='lat' dir='ltr'>versum</span> <span class='ocrx_word' id='word_1_54' title='bbox 253 551 284 589; x_wconf 87' lang='lat' dir='ltr'>sic</span> <span class='ocrx_word' id='word_1_55' title='bbox 298 551 392 589; x_wconf 79' lang='lat' dir='ltr'>exhibet:</span> <span class='ocrx_word' id='word_1_56' title='bbox 407 562 463 590; x_wconf 82' lang='lat' dir='ltr'>ortos</span> <span class='ocrx_word' id='word_1_57' title='bbox 472 554 584 591; x_wconf 79' lang='lat' dir='ltr'>Armisitac</span> <span class='ocrx_word' id='word_1_58' title='bbox 594 564 677 592; x_wconf 76' lang='lat' dir='ltr'>statura</span> <span class='ocrx_word' id='word_1_59' title='bbox 690 564 716 592; x_wconf 79' lang='lat' dir='ltr'>st.</span> <span class='ocrx_word' id='word_1_60' title='bbox 729 555 778 599; x_wconf 86' lang='lat' dir='ltr'>an.)</span> 
     </span>
     <span class='ocr_line' id='line_1_9' title="bbox 57 601 779 650; baseline 0.003 -11"><span class='ocrx_word' id='word_1_61' title='bbox 57 602 138 650; x_wconf 80' lang='lat' dir='ltr'>rubris,</span> <span class='ocrx_word' id='word_1_62' title='bbox 156 601 179 639; x_wconf 88' lang='lat' dir='ltr'>in</span> <span class='ocrx_word' id='word_1_63' title='bbox 198 602 278 641; x_wconf 85' lang='lat' dir='ltr'>duobus</span> <span class='ocrx_word' id='word_1_64' title='bbox 293 603 354 643; x_wconf 80' lang='lat' dir='ltr'>Wak.</span> <span class='ocrx_word' id='word_1_65' title='bbox 367 603 432 641; x_wconf 88' lang='lat' dir='ltr'>Codd.</span> <span class='ocrx_word' id='word_1_66' title='bbox 447 615 497 641; x_wconf 81' lang='lat' dir='ltr'>vero</span> <span class='ocrx_word' id='word_1_67' title='bbox 509 604 623 642; x_wconf 82' lang='lat' dir='ltr'>maioribus</span> <span class='ocrx_word' id='word_1_68' title='bbox 638 603 703 642; x_wconf 83' lang='lat' dir='ltr'>literis</span> <span class='ocrx_word' id='word_1_69' title='bbox 718 611 738 642; x_wconf 87' lang='lat' dir='ltr'>et</span> <span class='ocrx_word' id='word_1_70' title='bbox 748 604 779 641; x_wconf 85' lang='lat' dir='ltr'>di-</span> 
     </span>
     <span class='ocr_line' id='line_1_10' title="bbox 58 655 779 706; baseline 0.003 -15"><span class='ocrx_word' id='word_1_71' title='bbox 58 667 118 692; x_wconf 84' lang='lat' dir='ltr'>verso</span> <span class='ocrx_word' id='word_1_72' title='bbox 128 660 245 692; x_wconf 85' lang='lat' dir='ltr'>atramento</span> <span class='ocrx_word' id='word_1_73' title='bbox 261 655 335 705; x_wconf 83' lang='lat' dir='ltr'>scripti</span> <span class='ocrx_word' id='word_1_74' title='bbox 345 655 398 702; x_wconf 83' lang='lat' dir='ltr'>sint3</span> <span class='ocrx_word' id='word_1_75' title='bbox 421 666 485 706; x_wconf 84' lang='lat' dir='ltr'>quare</span> <span class='ocrx_word' id='word_1_76' title='bbox 500 656 582 703; x_wconf 88' lang='lat' dir='ltr'>nescio,</span> <span class='ocrx_word' id='word_1_77' title='bbox 596 668 634 693; x_wconf 88' lang='lat' dir='ltr'>cur</span> <span class='ocrx_word' id='word_1_78' title='bbox 642 657 732 695; x_wconf 85' lang='lat' dir='ltr'>Orellius</span> <span class='ocrx_word' id='word_1_79' title='bbox 744 669 779 695; x_wconf 84' lang='lat' dir='ltr'>eos</span> 
     </span>
     <span class='ocr_line' id='line_1_11' title="bbox 58 705 787 760; baseline 0.005 -17"><span class='ocrx_word' id='word_1_80' title='bbox 58 719 102 743; x_wconf 91' lang='lat' dir='ltr'>non</span> <span class='ocrx_word' id='word_1_81' title='bbox 115 706 180 746; x_wconf 86' lang='lat' dir='ltr'>modo</span> <span class='ocrx_word' id='word_1_82' title='bbox 196 706 325 759; x_wconf 81' lang='lat' dir='ltr'>defenderit,</span> <span class='ocrx_word' id='word_1_83' title='bbox 345 707 382 745; x_wconf 83' lang='lat' dir='ltr'>sed</span> <span class='ocrx_word' id='word_1_84' title='bbox 395 705 418 744; x_wconf 87' lang='lat' dir='ltr'>in</span> <span class='ocrx_word' id='word_1_85' title='bbox 428 712 552 745; x_wconf 83' lang='lat' dir='ltr'>contextum</span> <span class='ocrx_word' id='word_1_86' title='bbox 561 706 620 745; x_wconf 74' lang='lat' dir='ltr'>adeo</span> <span class='ocrx_word' id='word_1_87' title='bbox 630 710 735 760; x_wconf 77' lang='lat' dir='ltr'>receperit</span> <span class='ocrx_word' id='word_1_88' title='bbox 748 708 787 747; x_wconf 67' lang='lat' dir='ltr'>sic⁴</span> 
     </span>
     <span class='ocr_line' id='line_1_12' title="bbox 59 759 748 797; baseline -0.001 0"><span class='ocrx_word' id='word_1_89' title='bbox 59 765 178 797; x_wconf 85' lang='lat' dir='ltr'>correctos:</span> <span class='ocrx_word' id='word_1_90' title='bbox 746 759 748 761; x_wconf 81' lang='grc'><strong>’</strong></span> 
     </span>
    </p>

    <p class='ocr_par' dir='ltr' id='par_1_6' title="bbox 180 807 646 862">
     <span class='ocr_line' id='line_1_13' title="bbox 180 807 646 862; baseline 0.006 -16"><span class='ocrx_word' id='word_1_91' title='bbox 180 807 291 847; x_wconf 84' lang='lat' dir='ltr'>Subsidieis</span> <span class='ocrx_word' id='word_1_92' title='bbox 304 808 399 862; x_wconf 84' lang='lat' dir='ltr'>magneis</span> <span class='ocrx_word' id='word_1_93' title='bbox 410 809 485 861; x_wconf 77' lang='lat' dir='ltr'>fulciri</span> <span class='ocrx_word' id='word_1_94' title='bbox 497 809 646 861; x_wconf 82' lang='lat' dir='ltr'>constabilitas,</span> 
     </span>
    </p>

    <p class='ocr_par' dir='ltr' id='par_1_7' title="bbox 57 861 778 1430">
     <span class='ocr_line' id='line_1_14' title="bbox 181 861 706 915; baseline 0.006 -16"><span class='ocrx_word' id='word_1_95' title='bbox 181 861 263 899; x_wconf 85' lang='lat' dir='ltr'>Ornatis</span> <span class='ocrx_word' id='word_1_96' title='bbox 276 862 339 899; x_wconf 86' lang='lat' dir='ltr'>armis</span> <span class='ocrx_word' id='word_1_97' title='bbox 352 867 441 908; x_wconf 81' lang='lat' dir='ltr'>statuas,</span> <span class='ocrx_word' id='word_1_98' title='bbox 455 866 569 915; x_wconf 69' lang='lat' dir='ltr'>cuneisque</span> <span class='ocrx_word' id='word_1_99' title='bbox 583 863 706 909; x_wconf 69' lang='lat' dir='ltr'>animatas3,</span> 
     </span>
     <span class='ocr_line' id='line_1_15' title="bbox 57 914 778 964; baseline 0.003 -14"><span class='ocrx_word' id='word_1_100' title='bbox 57 918 116 952; x_wconf 83' lang='lat' dir='ltr'>recte</span> <span class='ocrx_word' id='word_1_101' title='bbox 131 920 244 964; x_wconf 82' lang='lat' dir='ltr'>propterea</span> <span class='ocrx_word' id='word_1_102' title='bbox 258 914 396 963; x_wconf 84' lang='lat' dir='ltr'>reprehensus</span> <span class='ocrx_word' id='word_1_103' title='bbox 411 926 423 950; x_wconf 85' lang='lat' dir='ltr'>a</span> <span class='ocrx_word' id='word_1_104' title='bbox 435 914 527 952; x_wconf 86' lang='lat' dir='ltr'>Gensore</span> <span class='ocrx_word' id='word_1_105' title='bbox 540 927 604 964; x_wconf 87' lang='lat' dir='ltr'>supra</span> <span class='ocrx_word' id='word_1_106' title='bbox 619 915 717 964; x_wconf 84' lang='lat' dir='ltr'>laudato,</span> <span class='ocrx_word' id='word_1_107' title='bbox 743 915 778 954; x_wconf 89' lang='lat' dir='ltr'>cui</span> 
     </span>
     <span class='ocr_line' id='line_1_16' title="bbox 57 965 778 1016; baseline 0.004 -14"><span class='ocrx_word' id='word_1_108' title='bbox 57 965 160 1003; x_wconf 84' lang='lat' dir='ltr'>tamenin</span> <span class='ocrx_word' id='word_1_109' title='bbox 171 978 196 1002; x_wconf 87' lang='lat' dir='ltr'>co</span> <span class='ocrx_word' id='word_1_110' title='bbox 208 966 303 1003; x_wconf 77' lang='lat' dir='ltr'>assentiri</span> <span class='ocrx_word' id='word_1_111' title='bbox 312 979 354 1004; x_wconf 87' lang='lat' dir='ltr'>non</span> <span class='ocrx_word' id='word_1_112' title='bbox 366 978 464 1016; x_wconf 83' lang='lat' dir='ltr'>possum,</span> <span class='ocrx_word' id='word_1_113' title='bbox 477 979 549 1004; x_wconf 87' lang='lat' dir='ltr'>versus</span> <span class='ocrx_word' id='word_1_114' title='bbox 558 967 620 1014; x_wconf 81' lang='lat' dir='ltr'>istos,</span> <span class='ocrx_word' id='word_1_115' title='bbox 632 967 719 1005; x_wconf 87' lang='lat' dir='ltr'>brevem</span> <span class='ocrx_word' id='word_1_116' title='bbox 729 967 778 1005; x_wconf 86' lang='lat' dir='ltr'>titu-</span> 
     </span>
     <span class='ocr_line' id='line_1_17' title="bbox 57 1016 778 1070; baseline 0.004 -17"><span class='ocrx_word' id='word_1_117' title='bbox 57 1016 103 1054; x_wconf 87' lang='lat' dir='ltr'>lum</span> <span class='ocrx_word' id='word_1_118' title='bbox 113 1016 156 1054; x_wconf 81' lang='lat' dir='ltr'>sive</span> <span class='ocrx_word' id='word_1_119' title='bbox 171 1017 263 1055; x_wconf 87' lang='lat' dir='ltr'>indicem</span> <span class='ocrx_word' id='word_1_120' title='bbox 276 1017 391 1056; x_wconf 85' lang='lat' dir='ltr'>sententiae</span> <span class='ocrx_word' id='word_1_121' title='bbox 405 1017 549 1067; x_wconf 47' lang='lat' dir='ltr'>continentesj</span> <span class='ocrx_word' id='word_1_122' title='bbox 567 1030 578 1056; x_wconf 85' lang='lat' dir='ltr'>e</span> <span class='ocrx_word' id='word_1_123' title='bbox 588 1019 684 1070; x_wconf 85' lang='lat' dir='ltr'>margine</span> <span class='ocrx_word' id='word_1_124' title='bbox 695 1018 717 1055; x_wconf 88' lang='lat' dir='ltr'>in</span> <span class='ocrx_word' id='word_1_125' title='bbox 727 1031 778 1056; x_wconf 91' lang='lat' dir='ltr'>con-</span> 
     </span>
     <span class='ocr_line' id='line_1_18' title="bbox 57 1068 778 1121; baseline 0.001 -15"><span class='ocrx_word' id='word_1_126' title='bbox 57 1074 138 1107; x_wconf 85' lang='lat' dir='ltr'>textum</span> <span class='ocrx_word' id='word_1_127' title='bbox 150 1068 266 1119; x_wconf 71' lang='lat' dir='ltr'>irrepsisse.</span> <span class='ocrx_word' id='word_1_128' title='bbox 292 1069 400 1107; x_wconf 86' lang='lat' dir='ltr'>Eiusmodi</span> <span class='ocrx_word' id='word_1_129' title='bbox 413 1069 470 1115; x_wconf 87' lang='lat' dir='ltr'>enim</span> <span class='ocrx_word' id='word_1_130' title='bbox 479 1070 599 1117; x_wconf 81' lang='lat' dir='ltr'>titulorum,</span> <span class='ocrx_word' id='word_1_131' title='bbox 620 1083 671 1121; x_wconf 85' lang='lat' dir='ltr'>qnos</span> <span class='ocrx_word' id='word_1_132' title='bbox 684 1083 734 1107; x_wconf 82' lang='lat' dir='ltr'>sanc</span> <span class='ocrx_word' id='word_1_133' title='bbox 745 1071 778 1108; x_wconf 88' lang='lat' dir='ltr'>in-</span> 
     </span>
     <span class='ocr_line' id='line_1_19' title="bbox 57 1120 776 1172; baseline 0.004 -14"><span class='ocrx_word' id='word_1_134' title='bbox 57 1121 142 1159; x_wconf 76' lang='lat' dir='ltr'>tardum</span> <span class='ocrx_word' id='word_1_135' title='bbox 156 1120 221 1159; x_wconf 79' lang='lat' dir='ltr'>textui</span> <span class='ocrx_word' id='word_1_136' title='bbox 233 1121 340 1159; x_wconf 84' lang='lat' dir='ltr'>immixtos</span> <span class='ocrx_word' id='word_1_137' title='bbox 353 1134 396 1159; x_wconf 83' lang='lat' dir='ltr'>esse</span> <span class='ocrx_word' id='word_1_138' title='bbox 408 1122 464 1169; x_wconf 79' lang='lat' dir='ltr'>scio,</span> <span class='ocrx_word' id='word_1_139' title='bbox 478 1121 548 1170; x_wconf 82' lang='lat' dir='ltr'>(conf.</span> <span class='ocrx_word' id='word_1_140' title='bbox 560 1134 631 1160; x_wconf 83' lang='lat' dir='ltr'>versus</span> <span class='ocrx_word' id='word_1_141' title='bbox 642 1128 690 1172; x_wconf 80' lang='lat' dir='ltr'>post</span> <span class='ocrx_word' id='word_1_142' title='bbox 699 1125 719 1166; x_wconf 80' lang='grc' dir='ltr'>Ι,</span> <span class='ocrx_word' id='word_1_143' title='bbox 731 1123 776 1163; x_wconf 82' lang='lat'>705.</span> 
     </span>
     <span class='ocr_line' id='line_1_20' title="bbox 57 1171 778 1222; baseline 0.001 -12"><span class='ocrx_word' id='word_1_144' title='bbox 57 1173 92 1221; x_wconf 83' lang='grc' dir='ltr'>ΙΙ,</span> <span class='ocrx_word' id='word_1_145' title='bbox 105 1171 161 1213; x_wconf 70' lang='lat'>1142.</span> <span class='ocrx_word' id='word_1_146' title='bbox 176 1173 304 1221; x_wconf 81' lang='lat' dir='ltr'>V1,606.in</span> <span class='ocrx_word' id='word_1_147' title='bbox 314 1173 418 1211; x_wconf 83' lang='lat' dir='ltr'>nonnullis</span> <span class='ocrx_word' id='word_1_148' title='bbox 428 1172 493 1212; x_wconf 88' lang='lat' dir='ltr'>Codd.</span> <span class='ocrx_word' id='word_1_149' title='bbox 504 1173 588 1222; x_wconf 84' lang='lat' dir='ltr'>inserti,</span> <span class='ocrx_word' id='word_1_150' title='bbox 604 1172 640 1210; x_wconf 91' lang='lat' dir='ltr'>uhi</span> <span class='ocrx_word' id='word_1_151' title='bbox 651 1174 691 1213; x_wconf 84' lang='lat' dir='ltr'>vid.</span> <span class='ocrx_word' id='word_1_152' title='bbox 705 1175 778 1222; x_wconf 66' lang='lat' dir='ltr'>wan]</span> 
     </span>
     <span class='ocr_line' id='line_1_21' title="bbox 58 1224 778 1276; baseline 0.003 -14"><span class='ocrx_word' id='word_1_153' title='bbox 58 1224 121 1276; x_wconf 81' lang='lat' dir='ltr'>plane</span> <span class='ocrx_word' id='word_1_154' title='bbox 137 1225 178 1263; x_wconf 82' lang='lat' dir='ltr'>alia</span> <span class='ocrx_word' id='word_1_155' title='bbox 189 1224 300 1271; x_wconf 80' lang='lat' dir='ltr'>estratio,</span> <span class='ocrx_word' id='word_1_156' title='bbox 321 1237 384 1276; x_wconf 78' lang='lat' dir='ltr'>quam</span> <span class='ocrx_word' id='word_1_157' title='bbox 399 1225 475 1262; x_wconf 88' lang='lat' dir='ltr'>horum</span> <span class='ocrx_word' id='word_1_158' title='bbox 489 1237 599 1273; x_wconf 77' lang='lat' dir='ltr'>versuum,</span> <span class='ocrx_word' id='word_1_159' title='bbox 620 1225 656 1275; x_wconf 91' lang='lat' dir='ltr'>qui</span> <span class='ocrx_word' id='word_1_160' title='bbox 671 1238 719 1263; x_wconf 87' lang='lat' dir='ltr'>curn</span> <span class='ocrx_word' id='word_1_161' title='bbox 735 1225 778 1265; x_wconf 87' lang='lat' dir='ltr'>loci</span> 
     </span>
     <span class='ocr_line' id='line_1_22' title="bbox 57 1276 777 1327; baseline 0.003 -13"><span class='ocrx_word' id='word_1_162' title='bbox 57 1276 125 1314; x_wconf 86' lang='lat' dir='ltr'>nostri</span> <span class='ocrx_word' id='word_1_163' title='bbox 138 1276 241 1314; x_wconf 83' lang='lat' dir='ltr'>sententia</span> <span class='ocrx_word' id='word_1_164' title='bbox 252 1289 279 1314; x_wconf 89' lang='lat' dir='ltr'>ne</span> <span class='ocrx_word' id='word_1_165' title='bbox 290 1281 393 1315; x_wconf 82' lang='lat' dir='ltr'>remotam</span> <span class='ocrx_word' id='word_1_166' title='bbox 410 1276 494 1327; x_wconf 83' lang='lat' dir='ltr'>quidem</span> <span class='ocrx_word' id='word_1_167' title='bbox 508 1276 666 1314; x_wconf 85' lang='lat' dir='ltr'>similitudinem</span> <span class='ocrx_word' id='word_1_168' title='bbox 677 1276 777 1317; x_wconf 77' lang='lat' dir='ltr'>referant.</span> 
     </span>
     <span class='ocr_line' id='line_1_23' title="bbox 59 1327 777 1381; baseline 0.003 -15"><span class='ocrx_word' id='word_1_169' title='bbox 59 1331 128 1375; x_wconf 84' lang='lat' dir='ltr'>Quare</span> <span class='ocrx_word' id='word_1_170' title='bbox 140 1328 243 1379; x_wconf 82' lang='lat' dir='ltr'>originem</span> <span class='ocrx_word' id='word_1_171' title='bbox 254 1340 328 1367; x_wconf 87' lang='lat' dir='ltr'>eorum</span> <span class='ocrx_word' id='word_1_172' title='bbox 340 1341 365 1367; x_wconf 80' lang='lat' dir='ltr'>ex</span> <span class='ocrx_word' id='word_1_173' title='bbox 374 1327 427 1376; x_wconf 80' lang='lat' dir='ltr'>alio,</span> <span class='ocrx_word' id='word_1_174' title='bbox 445 1328 496 1366; x_wconf 87' lang='lat' dir='ltr'>licet</span> <span class='ocrx_word' id='word_1_175' title='bbox 505 1327 600 1366; x_wconf 86' lang='lat' dir='ltr'>nondum</span> <span class='ocrx_word' id='word_1_176' title='bbox 609 1328 705 1378; x_wconf 76' lang='lat' dir='ltr'>detecto⁷</span> <span class='ocrx_word' id='word_1_177' title='bbox 717 1329 777 1381; x_wconf 69' lang='lat' dir='ltr'>fonte</span> 
     </span>
     <span class='ocr_line' id='line_1_24' title="bbox 58 1379 425 1430; baseline -0.005 -11"><span class='ocrx_word' id='word_1_178' title='bbox 58 1379 194 1419; x_wconf 81' lang='lat' dir='ltr'>derivandam</span> <span class='ocrx_word' id='word_1_179' title='bbox 204 1386 263 1430; x_wconf 87' lang='lat' dir='ltr'>puto.</span> <span class='ocrx_word' id='word_1_180' title='bbox 387 1416 388 1419; x_wconf 74' lang='grc'>,</span> <span class='ocrx_word' id='word_1_181' title='bbox 422 1399 425 1402; x_wconf 58' lang='lat'>&lt;</span> 
     </span>
    </p>

    <p class='ocr_par' dir='ltr' id='par_1_8' title="bbox 56 1430 798 1901">
     <span class='ocr_line' id='line_1_25' title="bbox 109 1430 778 1482; baseline -0.006 -9"><span class='ocrx_word' id='word_1_182' title='bbox 109 1430 143 1473; x_wconf 78' lang='lat'>43.</span> <span class='ocrx_word' id='word_1_183' title='bbox 169 1432 224 1482; x_wconf 84' lang='lat' dir='ltr'>cam]</span> <span class='ocrx_word' id='word_1_184' title='bbox 244 1432 275 1470; x_wconf 91' lang='lat' dir='ltr'>sic</span> <span class='ocrx_word' id='word_1_185' title='bbox 284 1431 346 1474; x_wconf 78' lang='lat' dir='ltr'>Wak,</span> <span class='ocrx_word' id='word_1_186' title='bbox 356 1445 405 1470; x_wconf 89' lang='lat' dir='ltr'>cum</span> <span class='ocrx_word' id='word_1_187' title='bbox 415 1430 476 1469; x_wconf 86' lang='lat' dir='ltr'>Vind.</span> <span class='ocrx_word' id='word_1_188' title='bbox 488 1431 537 1469; x_wconf 82' lang='lat' dir='ltr'>Brit.</span> <span class='ocrx_word' id='word_1_189' title='bbox 548 1432 567 1471; x_wconf 88' lang='lat'>1.</span> <span class='ocrx_word' id='word_1_190' title='bbox 578 1433 598 1473; x_wconf 72' lang='lat'>2.</span> <span class='ocrx_word' id='word_1_191' title='bbox 612 1432 668 1470; x_wconf 87' lang='lat' dir='ltr'>Cant.</span> <span class='ocrx_word' id='word_1_192' title='bbox 679 1438 700 1469; x_wconf 90' lang='lat' dir='ltr'>et</span> <span class='ocrx_word' id='word_1_193' title='bbox 709 1432 778 1470; x_wconf 85' lang='lat' dir='ltr'>omni-</span> 
     </span>
     <span class='ocr_line' id='line_1_26' title="bbox 56 1483 798 1535; baseline 0 -13"><span class='ocrx_word' id='word_1_194' title='bbox 56 1484 96 1522; x_wconf 82' lang='lat' dir='ltr'>bus</span> <span class='ocrx_word' id='word_1_195' title='bbox 111 1484 170 1522; x_wconf 84' lang='lat' dir='ltr'>editt.</span> <span class='ocrx_word' id='word_1_196' title='bbox 186 1490 237 1524; x_wconf 81' lang='lat' dir='ltr'>vett.</span> <span class='ocrx_word' id='word_1_197' title='bbox 251 1490 335 1535; x_wconf 83' lang='lat' dir='ltr'>praeter</span> <span class='ocrx_word' id='word_1_198' title='bbox 349 1483 394 1521; x_wconf 87' lang='lat' dir='ltr'>Ald.</span> <span class='ocrx_word' id='word_1_199' title='bbox 403 1486 435 1533; x_wconf 70' lang='grc'>2.,</span> <span class='ocrx_word' id='word_1_200' title='bbox 455 1495 509 1533; x_wconf 83' lang='lat' dir='ltr'>quae</span> <span class='ocrx_word' id='word_1_201' title='bbox 523 1485 592 1533; x_wconf 84' lang='lat' dir='ltr'>prima</span> <span class='ocrx_word' id='word_1_202' title='bbox 608 1483 690 1521; x_wconf 84' lang='lat' dir='ltr'>exhibet</span> <span class='ocrx_word' id='word_1_203' title='bbox 706 1484 777 1535; x_wconf 82' lang='lat' dir='ltr'>vulga·</span> <span class='ocrx_word' id='word_1_204' title='bbox 796 1490 798 1494; x_wconf 80' lang='grc'>’</span> 
     </span>
     <span class='ocr_line' id='line_1_27' title="bbox 56 1535 776 1586; baseline 0.003 -13"><span class='ocrx_word' id='word_1_205' title='bbox 56 1548 103 1574; x_wconf 81' lang='lat' dir='ltr'>rem</span> <span class='ocrx_word' id='word_1_206' title='bbox 113 1536 228 1574; x_wconf 88' lang='lat' dir='ltr'>lectionem</span> <span class='ocrx_word' id='word_1_207' title='bbox 238 1548 292 1585; x_wconf 82' lang='lat' dir='ltr'>ram,</span> <span class='ocrx_word' id='word_1_208' title='bbox 309 1536 335 1574; x_wconf 83' lang='lat' dir='ltr'>ah</span> <span class='ocrx_word' id='word_1_209' title='bbox 347 1537 397 1576; x_wconf 80' lang='lat' dir='ltr'>Hau.</span> <span class='ocrx_word' id='word_1_210' title='bbox 409 1536 473 1574; x_wconf 81' lang='lat' dir='ltr'>etiam</span> <span class='ocrx_word' id='word_1_211' title='bbox 482 1541 593 1573; x_wconf 78' lang='lat' dir='ltr'>servatam.</span> <span class='ocrx_word' id='word_1_212' title='bbox 605 1557 633 1562; x_wconf 87' lang='lat'>—</span> <span class='ocrx_word' id='word_1_213' title='bbox 646 1535 776 1586; x_wconf 72' lang='lat' dir='ltr'>timefactae]</span> 
     </span>
     <span class='ocr_line' id='line_1_28' title="bbox 57 1586 776 1638; baseline -0.004 -13"><span class='ocrx_word' id='word_1_214' title='bbox 57 1589 119 1626; x_wconf 84' lang='lat' dir='ltr'>Poor.</span> <span class='ocrx_word' id='word_1_215' title='bbox 134 1594 155 1626; x_wconf 86' lang='lat' dir='ltr'>ct</span> <span class='ocrx_word' id='word_1_216' title='bbox 171 1588 228 1626; x_wconf 85' lang='lat' dir='ltr'>editt.</span> <span class='ocrx_word' id='word_1_217' title='bbox 246 1588 298 1626; x_wconf 80' lang='lat' dir='ltr'>Brix.</span> <span class='ocrx_word' id='word_1_218' title='bbox 315 1592 362 1629; x_wconf 80' lang='lat' dir='ltr'>Ver.</span> <span class='ocrx_word' id='word_1_219' title='bbox 372 1590 423 1625; x_wconf 85' lang='lat' dir='ltr'>Ven.</span> <span class='ocrx_word' id='word_1_220' title='bbox 440 1586 578 1638; x_wconf 77' lang='lat' dir='ltr'>tumefactae;</span> <span class='ocrx_word' id='word_1_221' title='bbox 598 1586 656 1624; x_wconf 87' lang='lat' dir='ltr'>editt.</span> <span class='ocrx_word' id='word_1_222' title='bbox 672 1586 717 1624; x_wconf 82' lang='lat' dir='ltr'>Ald.</span> <span class='ocrx_word' id='word_1_223' title='bbox 729 1589 746 1626; x_wconf 85' lang='lat'>1.</span> <span class='ocrx_word' id='word_1_224' title='bbox 756 1589 776 1626; x_wconf 69' lang='lat'>2.</span> 
     </span>
     <span class='ocr_line' id='line_1_29' title="bbox 57 1638 777 1690; baseline -0.003 -13"><span class='ocrx_word' id='word_1_225' title='bbox 57 1641 108 1678; x_wconf 87' lang='lat' dir='ltr'>Bon.</span> <span class='ocrx_word' id='word_1_226' title='bbox 118 1643 173 1677; x_wconf 85' lang='lat' dir='ltr'>Iunt.</span> <span class='ocrx_word' id='word_1_227' title='bbox 184 1640 308 1689; x_wconf 72' lang='lat' dir='ltr'>rumefucm3</span> <span class='ocrx_word' id='word_1_228' title='bbox 328 1639 377 1677; x_wconf 87' lang='lat' dir='ltr'>Cod.</span> <span class='ocrx_word' id='word_1_229' title='bbox 388 1639 440 1679; x_wconf 83' lang='lat' dir='ltr'>Brit.</span> <span class='ocrx_word' id='word_1_230' title='bbox 449 1640 469 1678; x_wconf 73' lang='grc'>2,</span> <span class='ocrx_word' id='word_1_231' title='bbox 479 1650 547 1677; x_wconf 80' lang='lat' dir='ltr'>tamea</span> <span class='ocrx_word' id='word_1_232' title='bbox 556 1640 637 1690; x_wconf 54' lang='lat' dir='ltr'>eff&#39;ecm</span> <span class='ocrx_word' id='word_1_233' title='bbox 651 1638 706 1674; x_wconf 82' lang='lat' dir='ltr'>unde</span> <span class='ocrx_word' id='word_1_234' title='bbox 716 1639 777 1678; x_wconf 83' lang='lat' dir='ltr'>Wak.</span> 
     </span>
     <span class='ocr_line' id='line_1_30' title="bbox 58 1689 776 1742; baseline -0.001 -13"><span class='ocrx_word' id='word_1_235' title='bbox 58 1704 135 1742; x_wconf 84' lang='lat' dir='ltr'>parum</span> <span class='ocrx_word' id='word_1_236' title='bbox 144 1691 234 1728; x_wconf 82' lang='lat' dir='ltr'>feliciter</span> <span class='ocrx_word' id='word_1_237' title='bbox 244 1692 298 1729; x_wconf 87' lang='lat' dir='ltr'>coni.</span> <span class='ocrx_word' id='word_1_238' title='bbox 310 1703 352 1729; x_wconf 74' lang='lat' dir='ltr'>ram</span> <span class='ocrx_word' id='word_1_239' title='bbox 362 1702 458 1735; x_wconf 82' lang='lat' dir='ltr'>exactae;</span> <span class='ocrx_word' id='word_1_240' title='bbox 472 1702 511 1727; x_wconf 87' lang='lat' dir='ltr'>nec</span> <span class='ocrx_word' id='word_1_241' title='bbox 521 1691 590 1727; x_wconf 90' lang='lat' dir='ltr'>minus</span> <span class='ocrx_word' id='word_1_242' title='bbox 601 1689 708 1738; x_wconf 83' lang='lat' dir='ltr'>probanda</span> <span class='ocrx_word' id='word_1_243' title='bbox 715 1691 776 1728; x_wconf 79' lang='lat' dir='ltr'>Fabri</span> 
     </span>
     <span class='ocr_line' id='line_1_31' title="bbox 59 1741 777 1793; baseline -0.003 -13"><span class='ocrx_word' id='word_1_244' title='bbox 59 1743 126 1790; x_wconf 79' lang='lat' dir='ltr'>coni,</span> <span class='ocrx_word' id='word_1_245' title='bbox 146 1743 182 1793; x_wconf 87' lang='lat' dir='ltr'>qui</span> <span class='ocrx_word' id='word_1_246' title='bbox 191 1742 269 1792; x_wconf 87' lang='lat' dir='ltr'>duplici</span> <span class='ocrx_word' id='word_1_247' title='bbox 285 1742 375 1790; x_wconf 85' lang='lat' dir='ltr'>epitheto</span> <span class='ocrx_word' id='word_1_248' title='bbox 388 1742 506 1790; x_wconf 64' lang='lat' dir='ltr'>timefactae</span> <span class='ocrx_word' id='word_1_249' title='bbox 518 1763 546 1769; x_wconf 87' lang='lat'><em>-</em></span> <span class='ocrx_word' id='word_1_250' title='bbox 556 1742 644 1791; x_wconf 80' lang='lat' dir='ltr'>pavidae</span> <span class='ocrx_word' id='word_1_251' title='bbox 654 1746 734 1778; x_wconf 84' lang='lat' dir='ltr'>temere</span> <span class='ocrx_word' id='word_1_252' title='bbox 744 1741 777 1778; x_wconf 79' lang='lat' dir='ltr'>oi-</span> 
     </span>
     <span class='ocr_line' id='line_1_32' title="bbox 58 1791 775 1844; baseline 0 -13"><span class='ocrx_word' id='word_1_253' title='bbox 58 1794 130 1832; x_wconf 74' lang='lat' dir='ltr'>tensus</span> <span class='ocrx_word' id='word_1_254' title='bbox 145 1793 199 1843; x_wconf 85' lang='lat' dir='ltr'>(vid.</span> <span class='ocrx_word' id='word_1_255' title='bbox 208 1793 235 1831; x_wconf 83' lang='lat' dir='ltr'>ad</span> <span class='ocrx_word' id='word_1_256' title='bbox 243 1796 259 1844; x_wconf 82' lang='grc' dir='ltr'>Ι,</span> <span class='ocrx_word' id='word_1_257' title='bbox 269 1793 315 1835; x_wconf 69' lang='grc'><strong>258.</strong></span> <span class='ocrx_word' id='word_1_258' title='bbox 324 1794 368 1835; x_wconf 70' lang='grc'>295.</span> <span class='ocrx_word' id='word_1_259' title='bbox 383 1797 407 1840; x_wconf 91' lang='lat' dir='ltr'>ll,</span> <span class='ocrx_word' id='word_1_260' title='bbox 417 1794 463 1834; x_wconf 74' lang='lat'>217.</span> <span class='ocrx_word' id='word_1_261' title='bbox 475 1799 496 1829; x_wconf 89' lang='lat' dir='ltr'>et</span> <span class='ocrx_word' id='word_1_262' title='bbox 505 1791 566 1841; x_wconf 84' lang='lat' dir='ltr'>alibi)</span> <span class='ocrx_word' id='word_1_263' title='bbox 580 1791 692 1844; x_wconf 81' lang='lat' dir='ltr'>legendum</span> <span class='ocrx_word' id='word_1_264' title='bbox 702 1794 775 1831; x_wconf 82' lang='lat' dir='ltr'>suasit:</span> 
     </span>
     <span class='ocr_line' id='line_1_33' title="bbox 56 1847 644 1901; baseline -0.01 -14"><span class='ocrx_word' id='word_1_265' title='bbox 56 1847 181 1901; x_wconf 80' lang='lat' dir='ltr'>pavefactae</span> <span class='ocrx_word' id='word_1_266' title='bbox 189 1848 299 1900; x_wconf 72' lang='lat' dir='ltr'>religiones</span> <span class='ocrx_word' id='word_1_267' title='bbox 312 1866 337 1872; x_wconf 81' lang='lat'><em>-</em></span> <span class='ocrx_word' id='word_1_268' title='bbox 348 1848 421 1897; x_wconf 72' lang='lat' dir='ltr'>pavidi</span> <span class='ocrx_word' id='word_1_269' title='bbox 433 1848 542 1897; x_wconf 79' lang='lat' dir='ltr'>mortisque</span> <span class='ocrx_word' id='word_1_270' title='bbox 556 1848 644 1884; x_wconf 78' lang='lat' dir='ltr'>timores.</span> 
     </span>
    </p>

    <p class='ocr_par' dir='ltr' id='par_1_9' title="bbox 57 1894 776 2254">
     <span class='ocr_line' id='line_1_34' title="bbox 109 1894 776 1947; baseline -0.003 -10"><span class='ocrx_word' id='word_1_271' title='bbox 109 1896 143 1938; x_wconf 76' lang='grc'>44.</span> <span class='ocrx_word' id='word_1_272' title='bbox 169 1898 261 1947; x_wconf 78' lang='lat' dir='ltr'>timores]</span> <span class='ocrx_word' id='word_1_273' title='bbox 282 1896 331 1935; x_wconf 85' lang='lat' dir='ltr'>cod.</span> <span class='ocrx_word' id='word_1_274' title='bbox 344 1897 392 1935; x_wconf 83' lang='lat' dir='ltr'>Brit.</span> <span class='ocrx_word' id='word_1_275' title='bbox 404 1898 423 1935; x_wconf 68' lang='grc'>2.</span> <span class='ocrx_word' id='word_1_276' title='bbox 438 1899 521 1944; x_wconf 78' lang='lat' dir='ltr'>timore,</span> <span class='ocrx_word' id='word_1_277' title='bbox 540 1895 597 1947; x_wconf 83' lang='lat' dir='ltr'>quod</span> <span class='ocrx_word' id='word_1_278' title='bbox 610 1894 683 1932; x_wconf 88' lang='lat' dir='ltr'>Orellii</span> <span class='ocrx_word' id='word_1_279' title='bbox 700 1899 776 1935; x_wconf 82' lang='lat' dir='ltr'>Censor</span> 
     </span>
     <span class='ocr_line' id='line_1_35' title="bbox 58 1946 776 2000; baseline -0.003 -12"><span class='ocrx_word' id='word_1_280' title='bbox 58 1950 139 2000; x_wconf 81' lang='lat' dir='ltr'>saepius</span> <span class='ocrx_word' id='word_1_281' title='bbox 150 1949 206 1988; x_wconf 89' lang='lat' dir='ltr'>laud.</span> <span class='ocrx_word' id='word_1_282' title='bbox 217 1948 375 1997; x_wconf 83' lang='lat' dir='ltr'>assumendum,</span> <span class='ocrx_word' id='word_1_283' title='bbox 389 1948 502 1998; x_wconf 88' lang='lat' dir='ltr'>locumque</span> <span class='ocrx_word' id='word_1_284' title='bbox 512 1947 542 1985; x_wconf 81' lang='lat' dir='ltr'>sic</span> <span class='ocrx_word' id='word_1_285' title='bbox 554 1946 717 1985; x_wconf 83' lang='lat' dir='ltr'>construendum</span> <span class='ocrx_word' id='word_1_286' title='bbox 728 1961 776 1986; x_wconf 84' lang='lat' dir='ltr'>cen-</span> 
     </span>
     <span class='ocr_line' id='line_1_36' title="bbox 58 1998 776 2053; baseline 0.003 -15"><span class='ocrx_word' id='word_1_287' title='bbox 58 2008 99 2039; x_wconf 89' lang='lat' dir='ltr'>set:</span> <span class='ocrx_word' id='word_1_288' title='bbox 113 2001 224 2053; x_wconf 82' lang='lat' dir='ltr'>religiones</span> <span class='ocrx_word' id='word_1_289' title='bbox 233 2008 316 2053; x_wconf 84' lang='lat' dir='ltr'>tempus</span> <span class='ocrx_word' id='word_1_290' title='bbox 327 2001 401 2038; x_wconf 86' lang='lat' dir='ltr'>mortis</span> <span class='ocrx_word' id='word_1_291' title='bbox 412 2000 489 2038; x_wconf 87' lang='lat' dir='ltr'>timore</span> <span class='ocrx_word' id='word_1_292' title='bbox 499 2012 591 2037; x_wconf 82' lang='lat' dir='ltr'>vacuum</span> <span class='ocrx_word' id='word_1_293' title='bbox 600 1998 704 2049; x_wconf 81' lang='lat' dir='ltr'>linquunt.</span> <span class='ocrx_word' id='word_1_294' title='bbox 726 2000 776 2040; x_wconf 85' lang='lat' dir='ltr'>Mihi</span> 
     </span>
     <span class='ocr_line' id='line_1_37' title="bbox 58 2050 775 2104; baseline 0.003 -15"><span class='ocrx_word' id='word_1_295' title='bbox 58 2053 137 2104; x_wconf 84' lang='lat' dir='ltr'>potius,</span> <span class='ocrx_word' id='word_1_296' title='bbox 156 2061 179 2090; x_wconf 90' lang='lat' dir='ltr'>ut</span> <span class='ocrx_word' id='word_1_297' title='bbox 188 2053 292 2102; x_wconf 77' lang='lat' dir='ltr'>Bentleio,</span> <span class='ocrx_word' id='word_1_298' title='bbox 313 2053 445 2090; x_wconf 87' lang='lat' dir='ltr'>distinctione</span> <span class='ocrx_word' id='word_1_299' title='bbox 456 2058 539 2089; x_wconf 82' lang='lat' dir='ltr'>mutata</span> <span class='ocrx_word' id='word_1_300' title='bbox 549 2050 613 2088; x_wconf 82' lang='lat' dir='ltr'>verba</span> <span class='ocrx_word' id='word_1_301' title='bbox 627 2055 735 2104; x_wconf 75' lang='lat' dir='ltr'>mortisque</span> <span class='ocrx_word' id='word_1_302' title='bbox 748 2056 775 2091; x_wconf 76' lang='lat' dir='ltr'>ti-</span> 
     </span>
     <span class='ocr_line' id='line_1_38' title="bbox 59 2102 775 2155; baseline -0.001 -12"><span class='ocrx_word' id='word_1_303' title='bbox 59 2120 124 2144; x_wconf 81' lang='lat' dir='ltr'>mores</span> <span class='ocrx_word' id='word_1_304' title='bbox 138 2103 302 2154; x_wconf 69' lang='lat' dir='ltr'>cum&#39;sequenta</span> <span class='ocrx_word' id='word_1_305' title='bbox 315 2117 377 2143; x_wconf 87' lang='lat' dir='ltr'>versu</span> <span class='ocrx_word' id='word_1_306' title='bbox 392 2103 539 2155; x_wconf 82' lang='lat' dir='ltr'>coniungenda</span> <span class='ocrx_word' id='word_1_307' title='bbox 555 2102 689 2150; x_wconf 81' lang='lat' dir='ltr'>videbantur3</span> <span class='ocrx_word' id='word_1_308' title='bbox 711 2117 775 2153; x_wconf 85' lang='lat' dir='ltr'>quare</span> 
     </span>
     <span class='ocr_line' id='line_1_39' title="bbox 59 2154 775 2209; baseline 0 -15"><span class='ocrx_word' id='word_1_309' title='bbox 59 2156 122 2194; x_wconf 87' lang='lat' dir='ltr'>colon</span> <span class='ocrx_word' id='word_1_310' title='bbox 132 2157 165 2193; x_wconf 85' lang='lat' dir='ltr'>vel</span> <span class='ocrx_word' id='word_1_311' title='bbox 174 2157 300 2205; x_wconf 85' lang='lat' dir='ltr'>semicolon,</span> <span class='ocrx_word' id='word_1_312' title='bbox 320 2156 377 2209; x_wconf 86' lang='lat' dir='ltr'>quod</span> <span class='ocrx_word' id='word_1_313' title='bbox 388 2156 471 2206; x_wconf 82' lang='lat' dir='ltr'>dicunt,</span> <span class='ocrx_word' id='word_1_314' title='bbox 492 2155 556 2206; x_wconf 81' lang='lat' dir='ltr'>vulgo</span> <span class='ocrx_word' id='word_1_315' title='bbox 566 2161 614 2205; x_wconf 83' lang='lat' dir='ltr'>post</span> <span class='ocrx_word' id='word_1_316' title='bbox 623 2158 706 2194; x_wconf 78' lang='lat' dir='ltr'>timores</span> <span class='ocrx_word' id='word_1_317' title='bbox 718 2154 775 2206; x_wconf 79' lang='lat' dir='ltr'>posi-</span> 
     </span>
     <span class='ocr_line' id='line_1_40' title="bbox 57 2208 514 2254; baseline -0.002 -9"><span class='ocrx_word' id='word_1_318' title='bbox 57 2214 115 2254; x_wconf 87' lang='lat' dir='ltr'>tum,</span> <span class='ocrx_word' id='word_1_319' title='bbox 130 2208 202 2245; x_wconf 86' lang='lat' dir='ltr'>delevi.</span> <span class='ocrx_word' id='word_1_320' title='bbox 510 2228 514 2231; x_wconf 29' lang='grc' dir='ltr'><strong>Δ</strong></span> 
     </span>
    </p>

    <p class='ocr_par' dir='ltr' id='par_1_10' title="bbox 57 2257 775 2415">
     <span class='ocr_line' id='line_1_41' title="bbox 111 2257 775 2312; baseline -0.003 -13"><span class='ocrx_word' id='word_1_321' title='bbox 111 2258 155 2299; x_wconf 54' lang='lat' dir='ltr'>48s</span> <span class='ocrx_word' id='word_1_322' title='bbox 168 2261 225 2310; x_wconf 75' lang='lat' dir='ltr'>fera]</span> <span class='ocrx_word' id='word_1_323' title='bbox 246 2261 402 2299; x_wconf 61' lang='lat' dir='ltr'>nodamine.</span> <span class='ocrx_word' id='word_1_324' title='bbox 413 2260 497 2312; x_wconf 83' lang='lat' dir='ltr'>ferrea,</span> <span class='ocrx_word' id='word_1_325' title='bbox 517 2257 578 2309; x_wconf 79' lang='lat' dir='ltr'>quod</span> <span class='ocrx_word' id='word_1_326' title='bbox 589 2257 649 2295; x_wconf 80' lang='lat' dir='ltr'>Wak.</span> <span class='ocrx_word' id='word_1_327' title='bbox 660 2258 735 2308; x_wconf 84' lang='lat' dir='ltr'>cupide</span> <span class='ocrx_word' id='word_1_328' title='bbox 743 2272 775 2297; x_wconf 82' lang='lat' dir='ltr'>ar·</span> 
     </span>
     <span class='ocr_line' id='line_1_42' title="bbox 57 2309 775 2364; baseline 0.001 -13"><span class='ocrx_word' id='word_1_329' title='bbox 57 2311 144 2364; x_wconf 74' lang='lat' dir='ltr'>fipiens,</span> <span class='ocrx_word' id='word_1_330' title='bbox 168 2323 251 2350; x_wconf 85' lang='lat' dir='ltr'>versum</span> <span class='ocrx_word' id='word_1_331' title='bbox 268 2312 347 2351; x_wconf 84' lang='lat' dir='ltr'>duabus</span> <span class='ocrx_word' id='word_1_332' title='bbox 362 2312 414 2351; x_wconf 87' lang='lat' dir='ltr'>adeo</span> <span class='ocrx_word' id='word_1_333' title='bbox 433 2309 558 2350; x_wconf 88' lang='lat' dir='ltr'>coniecturis</span> <span class='ocrx_word' id='word_1_334' title='bbox 574 2310 666 2359; x_wconf 81' lang='lat' dir='ltr'>vexavit,</span> <span class='ocrx_word' id='word_1_335' title='bbox 686 2313 775 2352; x_wconf 77' lang='lat' dir='ltr'>canitura</span> 
     </span>
     <span class='ocr_line' id='line_1_43' title="bbox 58 2361 683 2415; baseline -0.005 -10"><span class='ocrx_word' id='word_1_336' title='bbox 58 2379 109 2405; x_wconf 78' lang='lat' dir='ltr'>arm.</span> <span class='ocrx_word' id='word_1_337' title='bbox 120 2378 157 2410; x_wconf 77' lang='lat' dir='ltr'>neo</span> <span class='ocrx_word' id='word_1_338' title='bbox 169 2363 237 2415; x_wconf 72' lang='lat' dir='ltr'>ferrea</span> <span class='ocrx_word' id='word_1_339' title='bbox 249 2367 301 2412; x_wconf 80' lang='lat' dir='ltr'>tela,</span> <span class='ocrx_word' id='word_1_340' title='bbox 314 2365 358 2403; x_wconf 81' lang='lat' dir='ltr'>vel:</span> <span class='ocrx_word' id='word_1_341' title='bbox 372 2367 451 2404; x_wconf 74' lang='lat' dir='ltr'>sonitus</span> <span class='ocrx_word' id='word_1_342' title='bbox 464 2378 514 2402; x_wconf 81' lang='lat' dir='ltr'>arm.</span> <span class='ocrx_word' id='word_1_343' title='bbox 527 2372 548 2400; x_wconf 75' lang='lat' dir='ltr'>et</span> <span class='ocrx_word' id='word_1_344' title='bbox 556 2361 627 2412; x_wconf 82' lang='lat' dir='ltr'>ferrea</span> <span class='ocrx_word' id='word_1_345' title='bbox 636 2364 665 2401; x_wconf 81' lang='lat' dir='ltr'>tel</span> <span class='ocrx_word' id='word_1_346' title='bbox 678 2392 683 2402; x_wconf 86' lang='lat'>.</span> 
     </span>
    </p>

    <p class='ocr_par' dir='ltr' id='par_1_11' title="bbox 56 2413 775 2520">
     <span class='ocr_line' id='line_1_44' title="bbox 108 2413 775 2468; baseline -0.006 -12"><span class='ocrx_word' id='word_1_347' title='bbox 108 2416 141 2456; x_wconf 88' lang='grc'>50.</span> <span class='ocrx_word' id='word_1_348' title='bbox 165 2415 268 2468; x_wconf 74' lang='lat' dir='ltr'>fulgorem</span> <span class='ocrx_word' id='word_1_349' title='bbox 280 2419 304 2455; x_wconf 82' lang='lat' dir='ltr'>ab</span> <span class='ocrx_word' id='word_1_350' title='bbox 315 2418 377 2467; x_wconf 68' lang='lat' dir='ltr'>eiuro]</span> <span class='ocrx_word' id='word_1_351' title='bbox 392 2418 406 2454; x_wconf 93' lang='lat' dir='ltr'>i.</span> <span class='ocrx_word' id='word_1_352' title='bbox 418 2429 436 2456; x_wconf 86' lang='lat' dir='ltr'>e.</span> <span class='ocrx_word' id='word_1_353' title='bbox 446 2414 517 2465; x_wconf 76' lang='lat' dir='ltr'>fulgor</span> <span class='ocrx_word' id='word_1_354' title='bbox 531 2413 557 2450; x_wconf 80' lang='lat' dir='ltr'>ab</span> <span class='ocrx_word' id='word_1_355' title='bbox 568 2426 620 2451; x_wconf 83' lang='lat' dir='ltr'>auro</span> <span class='ocrx_word' id='word_1_356' title='bbox 631 2416 723 2462; x_wconf 79' lang='lat' dir='ltr'>emissus,</span> <span class='ocrx_word' id='word_1_357' title='bbox 737 2426 775 2452; x_wconf 87' lang='lat' dir='ltr'>seu</span> 
     </span>
     <span class='ocr_line' id='line_1_45' title="bbox 56 2464 774 2520; baseline -0.004 -14"><span class='ocrx_word' id='word_1_358' title='bbox 56 2466 149 2506; x_wconf 79' lang='lat' dir='ltr'>breviter</span> <span class='ocrx_word' id='word_1_359' title='bbox 165 2466 238 2518; x_wconf 73' lang='lat' dir='ltr'>fulgor</span> <span class='ocrx_word' id='word_1_360' title='bbox 251 2469 306 2515; x_wconf 85' lang='lat' dir='ltr'>auri,</span> <span class='ocrx_word' id='word_1_361' title='bbox 326 2469 351 2506; x_wconf 82' lang='lat' dir='ltr'>de</span> <span class='ocrx_word' id='word_1_362' title='bbox 366 2481 408 2520; x_wconf 86' lang='lat' dir='ltr'>qua</span> <span class='ocrx_word' id='word_1_363' title='bbox 423 2466 507 2505; x_wconf 87' lang='lat' dir='ltr'>dicendi</span> <span class='ocrx_word' id='word_1_364' title='bbox 521 2464 592 2502; x_wconf 84' lang='lat' dir='ltr'>forma</span> <span class='ocrx_word' id='word_1_365' title='bbox 608 2467 664 2506; x_wconf 83' lang='lat' dir='ltr'>conf.</span> <span class='ocrx_word' id='word_1_366' title='bbox 681 2466 774 2514; x_wconf 77' lang='lat' dir='ltr'>Scioppii</span> 
     </span>
    </p>
   </div>
   <div class='ocr_carea' id='block_1_3' title="bbox 56 2517 770 2572">
    <p class='ocr_par' dir='ltr' id='par_1_12' title="bbox 56 2517 770 2572">
     <span class='ocr_line' id='line_1_46' title="bbox 56 2517 770 2572; baseline -0.003 -13"><span class='ocrx_word' id='word_1_367' title='bbox 56 2522 114 2572; x_wconf 79' lang='lat' dir='ltr'>Susp.</span> <span class='ocrx_word' id='word_1_368' title='bbox 126 2520 308 2571; x_wconf 81' lang='lat' dir='ltr'>Lectt.1..ep.17.</span> <span class='ocrx_word' id='word_1_369' title='bbox 321 2520 384 2561; x_wconf 81' lang='lat' dir='ltr'>Petiz.</span> <span class='ocrx_word' id='word_1_370' title='bbox 394 2519 421 2560; x_wconf 82' lang='lat' dir='ltr'>ud</span> <span class='ocrx_word' id='word_1_371' title='bbox 432 2517 509 2559; x_wconf 78' lang='lat' dir='ltr'>sanctii</span> <span class='ocrx_word' id='word_1_372' title='bbox 519 2518 569 2559; x_wconf 83' lang='lat' dir='ltr'>Min.</span> <span class='ocrx_word' id='word_1_373' title='bbox 580 2518 624 2570; x_wconf 84' lang='lat' dir='ltr'>Ill,</span> <span class='ocrx_word' id='word_1_374' title='bbox 634 2519 654 2561; x_wconf 73' lang='lat'>2.</span> <span class='ocrx_word' id='word_1_375' title='bbox 669 2524 714 2558; x_wconf 86' lang='lat' dir='ltr'>not.</span> <span class='ocrx_word' id='word_1_376' title='bbox 726 2518 770 2558; x_wconf 76' lang='lat'>138.</span> 
     </span>
    </p>
   </div>
   <div class='ocr_carea' id='block_1_4' title="bbox 0 0 850 2654">
    <p class='ocr_par' dir='ltr' id='par_1_13' title="bbox 0 0 850 2654">
     <span class='ocr_line' id='line_1_47' title="bbox 0 0 850 2654; baseline 0 0"><span class='ocrx_word' id='word_1_377' title='bbox 0 0 850 2654; x_wconf 95' lang='lat' dir='ltr'> </span> 
     </span>
    </p>
   </div>
  </div>
 </body>
</html>
