1690 2654
268 87 309 129 AD
326 86 461 126 LIBRUM
478 86 625 128 SEXTUM.
755 86 802 130 {nu

86 208 107 239 ta
118 198 187 238 messis
200 197 331 236 locutionum
343 195 392 233 alibi
402 208 506 247 nusquam
517 196 673 235 occurrentium
683 196 704 234 in
709 196 801 234 Lucretii

87 252 179 291 carmine
191 250 263 288 haberi
275 248 350 299 possit!

137 301 181 344 594.
209 306 253 349 uti]
267 300 332 351 Lugd.
347 302 364 340 1.
375 301 395 338 2.
408 299 468 340 Vind.
480 299 531 338 Brit.
545 301 562 340 1.
574 301 593 339 3.
612 299 670 337 Cant.
686 298 738 339 Brix.
751 303 799 339 Ver.

24 375 33 378 -
86 358 136 395 Ven.
149 367 171 394 nt
182 358 209 398 in,
224 356 282 391 Poor.
293 364 313 392 et
324 355 353 401 in,
366 351 424 390 cuius
434 352 539 390 varietatis
552 352 610 402 origo
622 352 672 389 licet
682 353 703 389 in
714 360 800 402 promtu

86 409 118 453 sit⁷
133 414 153 445 et
164 406 241 444 aWak.
250 405 349 452 indicate,
359 411 432 442 tamen
444 404 484 456 liic¹
490 404 522 442 vir
534 403 607 442 doctus
618 405 717 455 proponit
727 404 800 443 lectio-

85 472 134 498 nem
147 461 222 511 Frigus
230 469 253 496 ut
264 461 285 496 iri
296 474 315 497 n.
328 473 347 510 p.
361 472 421 510 quoru
432 459 510 513 uenerit
522 467 585 496 artus.

136 522 180 562 595·
207 522 297 570 mouere]
312 522 342 558 sie
351 523 378 559 W
380 520 412 558 ak.
426 533 450 558 ex
460 520 556 558 omnibus
568 519 626 558 libris
636 520 727 559 restituit
740 522 799 570 (ma-

84 576 104 613 le
115 575 171 612 euim
178 574 262 612 Gerarrl.
271 574 295 611 de
305 579 355 612 vett.
367 572 514 621 edittstacet),
527 579 550 609 ut
560 573 647 611 verbum
659 586 682 611 ex
694 587 752 611 more
759 577 799 612 Lu-

85 627 143 665 cretii
157 627 250 664 absolute
264 626 354 675 positum
371 624 398 661 sit
412 638 451 674 pro
466 641 488 664 se
505 641 589 664 mouere.
617 625 674 675 (ud.
690 626 716 663 ad
725 629 740 672 1,
753 628 799 667 398.
828 624 831 629 ”

83 682 116 726 IV,
129 680 185 718 1126.
199 680 282 725 111128.
297 678 349 726 etc.)
363 676 430 728 Vulgo
440 681 522 726 moueri,
538 690 562 714 ex
573 677 677 716 editorum
692 678 785 718 arbitrio.

134 732 178 770 597.
206 746 329 784 superne-
342 752 368 757 —-
381 731 473 783 inferne]
493 731 553 768 Poor.
567 730 616 770 Brit.
627 734 645 771 1.
657 731 703 769 Ald.
717 732 735 771 1.
747 734 797 769 Bon.

85 797 172 836 superno
185 804 211 810 -
224 804 249 810 -
261 783 350 834 inferna.

133 835 177 874 598.
206 834 323 884 Termine]
345 832 389 871 Ald.
404 835 421 873 1.
435 835 484 873 Bon.
503 837 622 883 Terraene,
643 834 704 872 Vind.
719 834 797 875 urite.

86 890 148 925 Terra
159 901 190 933 ne,
204 886 250 927 Ver.
262 888 313 924 Ven.
324 890 421 936 Terrore,
435 886 497 925 Poor.
508 889 561 925 lunt.
575 890 682 926 Terrarum
695 904 726 934 ne,
741 889 798 924 Cant.

85 942 147 977 Terra
163 941 234 977 orbem.
253 959 279 968 —
299 937 411 988 dissolvat]
431 938 480 978 Brit.
496 939 513 978 l.
531 940 636 989 (lineolam,
655 939 701 978 Ald.
715 942 733 980 1.
749 942 798 978 Bon.

84 991 214 1029 dissoluatur.

134 1043 177 1080 599.
203 1040 260 1091 neu]
280 1041 338 1078 Cant.
349 1044 402 1080 Heu.
415 1062 441 1070 -
455 1043 579 1093 dispandat-l
594 1042 642 1080 Brit.
656 1044 673 1081 1.
685 1045 797 1094 clispuuclrt.

135 1096 179 1133 600.
206 1097 300 1145 ,,Ιιὶι]νε.’
322 1105 397 1143 nempe
411 1096 444 1141 in,
468 1095 589 1146 quodlu'utu
600 1095 687 1147 fecerit:
709 1096 797 1132 namde

81 1145 165 1181 nomine
186 1148 266 1184 hiatum
289 1145 311 1182 in
334 1157 382 1183 casu
403 1152 462 1183 recto
478 1145 581 1182 nihildum
601 1146 719 1196 comperire
735 1144 796 1197 quivi.

81 1197 153 1233 Lamb.
164 1197 271 1246 proposuit
288 1201 369 1250 Imque:
389 1197 426 1234 sed
442 1198 520 1248 absque
534 1197 598 1236 Godd.
611 1204 631 1236 et
648 1198 797 1236 consuetudine

81 1248 194 1287 Lucretii.“
222 1251 294 1288 ufar.
345 1285 346 1289 ,

133 1315 177 1353 601.
204 1314 385 1365 „lieetquamvim
404 1313 418 1351 i.
429 1325 447 1352 e.
460 1315 507 1351 Non
519 1314 644 1364 interpono,
664 1325 705 1364 quo
719 1312 795 1360 minus¹

80 1362 102 1400 iu
113 1370 214 1413 quantum
224 1365 286 1410 velis,
304 1371 391 1402 reantur
401 1365 484 1403 coelum
497 1380 522 1404 ac
536 1372 614 1404 terram
629 1377 672 1403 esse
683 1365 797 1404 inimorta-

80 1416 115 1452 lia.
142 1416 222 1453 Vossius
237 1417 262 1454 de
281 1416 334 1456 anal.
350 1418 382 1455 [V.
398 1430 418 1467 p.
435 1415 480 1457 240.
498 1426 518 1456 et
533 1418 558 1455 de
574 1424 687 1455 construet.
706 1429 726 1466 p.
738 1419 795 1464 268„

82 1478 145 1516 quem
155 1467 227 1505 laudat
239 1471 288 1506 Hav.
298 1497 303 1517 ‚
325 1480 383 1506 veras
394 1469 484 1507 rationes
494 1470 556 1507 huius
565 1469 672 1507 formulae
681 1468 739 1505 nullo
750 1481 795 1506 nro-

82 1518 108 1554 do
117 1526 235 1568 perspectas
246 1519 325 1558 habuit.
350 1522 429 1558 Graece
438 1521 568 1559 locutionem
582 1521 623 1560 hoc
634 1520 697 1558 modo
708 1520 795 1557 reddas:

76 1567 168 1617 Ἔξεστιν
183 1569 255 1618 αὐτοῖς
264 1569 421 1625 ὑπολαμβάνειν
432 1569 461 1619 ὥς
476 1571 502 1613 τὰ
512 1571 608 1623 μάλιστα.
631 1575 678 1612 Wu
684 1575 704 1610 k.
732 1573 794 1609 Conf.

81 1623 144 1658 etiam
155 1622 211 1660 infra
222 1637 241 1661 v.
252 1625 296 1663 om.
312 1623 353 1662 cic.
365 1625 421 1662 Lael.
436 1639 453 1664 c.
464 1627 497 1665 20.
508 1629 524 1677 ᾗ.
537 1627 568 1665 73.
580 1625 637 1662 idem
649 1624 674 1661 de
685 1626 748 1675 Legg.
760 1626 794 1669 111,

81 1673 112 1711 10.
122 1676 138 1716 §-
149 1673 181 1714 24.
194 1674 277 1726 (ibique
289 1677 402 1725 Goerenz.)
415 1683 436 1714 et
448 1677 473 1714 de
484 1679 508 1717 N.
519 1680 542 1715 D.
553 1678 597 1727 111,
608 1678 641 1718 36.
654 1679 672 1724 ἓ.
687 1677 718 1715 88.

132 1738 176 1777 603.
202 1744 231 1778 Et
245 1751 314 1778 tumen
329 1740 390 1779 Wak.
406 1741 518 1779 restituite
531 1741 624 1792 plurimis
641 1741 712 1788 libris3
732 1740 794 1791 vulgo

80 1791 183 1838 Attamen,
197 1797 220 1828 ut
232 1792 263 1828 Pii
274 1791 337 1830 Codd.
348 1792 438 1843 quidam,
451 1794 499 1831 Brit.
512 1795 530 1833 3.
542 1797 596 1832 lunt.
607 1793 652 1832 Ald.
664 1795 683 1832 2.

131 1838 175 1879 604.
202 1843 312 1892 Subditur]
329 1844 385 1882 Cant.
395 1844 441 1881 Ald.
450 1849 468 1885 1.
479 1846 528 1883 Bon.
540 1848 614 1885 Subdu
624 1856 650 1893 et,
665 1843 726 1882 Vind.
734 1846 793 1881 Poor.

16 1885 18 1888 ’
80 1889 127 1927 Brit.
139 1893 156 1931 1.
167 1893 186 1931 3.
197 1895 249 1934 Brix.
262 1896 310 1934 Ver.
321 1897 371 1934 Ven.
385 1898 471 1936 Subdita
488 1908 514 1938 er.

123 1944 175 1997 Ι605.
202 1947 322 1994 subtracta]
341 1947 370 1985 sic
380 1948 436 1998 vulg.
448 1948 505 1989 editt.
516 1954 536 1986 et
547 1947 623 1986 Eichst.
636 1958 685 1983 cum
699 1945 794 1995 plurimis

80 1990 150 2052 libris¹
159 2008 208 2045 quos
219 2005 318 2048 sequutus
327 2011 380 2038 sum.
407 1999 468 2037 Wak.
482 2013 530 2038 cum
539 2013 581 2037 uno
593 1999 666 2037 urite.
678 1999 794 2037 substructa

80 2052 171 2093 ³⁰T¹l³3¹l5
185 2049 251 2100 Lugd.
266 2052 283 2089 1.
294 2053 314 2089 2.
326 2053 454 2098 substructa3
468 2065 532 2103 qnare
543 2050 604 2089 Wak.
618 2050 675 2098 dicit⁷
690 2050 766 2087 collato
779 2052 793 2096 1,

81 2096 137 2135 1099.
149 2097 238 2149 aliquem
249 2102 341 2151 cogitare
352 2114 413 2152 posse
425 2103 450 2141 de
463 2106 573 2153 subducta,
594 2114 642 2140 vere
655 2108 725 2140 tamen
742 2101 794 2138 nihil

80 2149 200 2187 mutandum
212 2160 288 2191 oeuset.
658 2152 660 2159 .

104 2260 107 2267 Ι
130 2214 207 2254 11608.
235 2224 344 2267 comparet
361 2231 404 2255 non
419 2218 459 2257 nisi
473 2218 495 2256 in
510 2221 565 2259 lunt.
582 2224 603 2255 et
617 2218 662 2256 Ald.
676 2220 709 2266 2,
729 2230 793 2268 quare

79 2260 141 2309 mihi,
153 2271 176 2301 ut
186 2266 221 2304 alii
236 2269 332 2319 quidam,
346 2284 389 2307 non
401 2284 413 2308 a
424 2270 534 2318 Lucretio,
549 2270 585 2308 sed
596 2283 609 2307 a
620 2271 709 2308 Marullo
721 2270 791 2321 profe-

81 2318 124 2348 ctus
136 2315 226 2367 videtur,
246 2322 314 2369 (conf.
326 2335 345 2358 v.
357 2336 374 2360 c.
388 2321 537 2371 adIV‚400,);
558 2322 615 2373 quod
626 2323 701 2360 saltem
712 2319 791 2358 uncinis

80 2362 153 2424 additis
170 2368 261 2408 indicare
279 2372 343 2410 volui.
370 2374 441 2419 Wak.‚
464 2375 499 2424 qui
515 2381 596 2422 censet,
617 2374 677 2423 „tale
694 2372 791 2423 quiddam

80 2418 145 2453 tenori
158 2424 220 2470 atque
230 2422 345 2474 integritati
359 2426 457 2462 carminis
472 2427 557 2463 omnino
569 2425 708 2464 necessarium
726 2426 790 2469 esse‚“

80 2464 105 2502 de
115 2478 182 2507 versus
192 2472 314 2526 integritate
324 2489 367 2515 non
379 2476 483 2517 dubitasse
496 2478 583 2517 videtur.

571 2536 587 2573 ἵ
596 2548 607 2572 v
624 2534 636 2571 ἱ).
