1690 2654
31 29 33 32 ”
76 41 109 88 66
266 40 309 81 nn
328 19 445 81 annun
460 40 601 84 unauna

75 189 81 198 „
131 153 194 192 Crura
205 148 312 197 vacillanti,
326 149 419 190 tardescit
429 151 505 204 lingua,
518 154 586 194 madet
594 166 655 202 mena,
707 147 709 150 ¹

128 206 181 244 itaut
193 202 269 248 oculei3
283 202 366 248 clamor,
379 203 484 254 singultuS,
497 205 565 257 iurgia
575 206 674 261 gliscunt3

77 255 117 299 48⁰
129 255 205 294 Etiam
216 257 280 292 cetera
290 253 315 291 de
326 267 398 305 genere
409 256 454 304 hoe,
467 269 616 308 quaequomque
626 261 743 309 sequuntur:

128 309 185 356 Quur
196 318 219 345 ea
227 310 281 354 sunt,
292 306 331 344 nisi
341 307 393 355 quod
404 309 510 348 vehemens
518 309 612 354 violentia
624 310 666 349 nini

129 360 252 398 Conturbare
263 357 351 412 animam
361 360 461 399 consuevit
471 360 554 412 corpore
564 362 653 413 inipso?

129 412 161 457 At,
174 423 324 461 quaequomque
333 416 406 461 queunt
416 414 528 453 conturbari
538 414 598 465 inque
608 413 679 466 pediti,

130 463 255 514 Significant,
268 464 335 513 paullo
346 463 363 501 si
375 464 442 510 durior
454 464 560 505 insinuarit
571 494 573 499 .
622 466 637 476 ”

78 514 118 557 485
131 517 203 563 Causa,
215 516 259 567 fore
268 519 291 553 ut
299 519 386 565 pereant,
400 528 448 555 aevo
459 515 538 568 privata
548 518 622 558 futuro.
685 547 688 550 ⁴
732 525 745 573 ’ν

156 567 210 617 Quin
221 568 281 605 etium
293 568 364 615 subito,
377 568 399 606 ri
409 569 474 607 morbi
484 574 637 621 saepeeoaetur,
720 613 722 615 ,

131 620 260 659 riuteooulos
271 619 342 669 aliquis
354 624 438 668 nostros,
457 624 480 659 ut
491 622 582 661 fulminis
592 622 640 670 ictu,
659 655 664 663 .
692 623 694 625 ’

132 672 229 718 Concidit,
242 675 262 709 et
270 684 350 720 spumas
358 672 407 721 agit,
420 672 509 723 ingemit,
517 677 541 711 et
553 673 619 711 tremit
629 676 691 722 araus,

132 723 214 772 Desipit,
234 723 406 771 oxtentatrffirros,
418 727 525 773 torquetur,
538 725 620 769 anhelat
655 736 658 739 ’

80 773 120 815 490
132 777 275 821 Inconstanter,
285 778 304 812 et
313 768 432 812 inlaetando
443 776 533 815 membra
545 776 629 827 fatigat:
651 819 652 822 Ἴ
683 804 686 807 -

131 826 236 872 Nimirum,
250 824 297 875 quia
306 825 337 864 vis
347 825 419 873 morbi,
440 827 533 867 distracta
545 840 582 877 per
592 832 653 877 artus,

132 879 210 918 Turbat
220 889 280 929 agens
290 876 384 925 animam,
396 879 495 928 spumanti
506 883 529 918 ut
539 878 656 930 iuaequore
665 880 717 921 salso
731 890 733 893 “

131 932 239 969 Ventorum
248 929 320 969 validis
327 930 437 969 fervescunt
446 931 523 970 viribus
534 932 605 971 undae.
654 964 655 968 ,

132 981 255 1031 Exprimitur
264 994 324 1032 porro
330 982 427 1032 ¹gemitus,
440 981 487 1031 quia
501 984 591 1022 membra
600 983 668 1024 dolore

81 1032 121 1075 495
134 1034 259 1079 Adficiuntur,
273 1037 292 1071 et
304 1033 383 1072 omniuo
395 1034 446 1083 quod
458 1034 534 1073 semina
544 1035 598 1075 vocis
610 1065 611 1068 η

132 1085 252 1132 Elieinntur,
263 1087 283 1124 et
294 1097 328 1123 ore
336 1085 388 1124 foras
395 1085 509 1135 glomerata
520 1087 618 1136 feruntur,
649 1094 651 1097 ’

134 1137 243 1188 Quaquasi
251 1141 377 1185 consuerunt,
387 1142 406 1175 et
413 1142 461 1176 aunt
469 1137 546 1176 munita
556 1138 604 1177 viat:
667 1139 674 1143 ‘

134 1188 255 1238 Desipientia
263 1189 291 1235 fit,
305 1188 353 1238 quia
361 1188 392 1226 vis
402 1188 464 1226 animi
474 1192 532 1238 atque
544 1189 627 1237 animai:

61 1257 63 1260 ¹
135 1241 269 1280 Gonturbatur
277 1243 303 1287 et,
315 1244 337 1278 ut
349 1240 412 1286 docui,
423 1240 487 1278 divisa
497 1249 602 1279 seorsum'.
654 1274 656 1278 Α

82 1290 122 1334 5⁰0
134 1292 260 1339 Disiectatur‚
274 1291 343 1329 eodem
352 1292 392 1329 ollo
404 1291 497 1330 distracta
509 1304 590 1330 veneno.

130 1344 181 1384 lude
191 1343 226 1381 ubi
235 1343 276 1381 iam
288 1341 353 1381 morbi
361 1341 438 1380 reflexit
447 1354 513 1392 eausa,
525 1343 615 1394 reditque
667 1341 679 1346 ”

134 1397 158 1435 In
167 1397 253 1446 latebras
264 1407 310 1433 acer
318 1395 404 1444 corrupti
414 1394 501 1444 corporis
513 1395 598 1443 humor;
618 1432 621 1436 .

134 1448 195 1495 Tum,
208 1446 267 1495 quasi
276 1446 378 1493 vacillans,
391 1445 480 1496 primum
491 1446 598 1497 consurgit,
612 1450 632 1486 et
643 1446 718 1488 omneis

134 1498 243 1542 Paullatim
252 1497 305 1536 redit
311 1497 333 1536 in
344 1509 416 1546 sensus,
432 1497 557 1548 animamque·
567 1501 659 1549 receptat.
731 1531 734 1536 ,

82 1550 123 1592 505
160 1552 217 1590 Haec
224 1549 286 1601 igitur
294 1548 353 1597 tantis
363 1549 398 1587 ubi
407 1549 482 1588 morbis
491 1562 573 1600 corpore
583 1550 659 1601 inipso

134 1604 240 1648 laetentur,
250 1601 365 1650 miserisque
376 1601 440 1639 modis
449 1602 544 1643 distracta
554 1602 655 1649 laborent3
702 1613 709 1629 ‘r

135 1656 192 1704 Quur
205 1653 275 1699 eadem
284 1653 347 1691 eredis
356 1652 398 1690 sine
405 1664 487 1701 corpore
498 1652 518 1690 iu
527 1654 573 1691 aiire
582 1657 651 1702 aperto

137 1707 189 1745 cum
197 1704 268 1743 validis
277 1703 339 1742 nentis
351 1706 435 1741 aetatem
443 1704 516 1755 degere
525 1704 610 1754 possed
651 1726 653 1729 >

163 1758 190 1795 Et
199 1756 292 1805 quoniam
305 1757 391 1800 mentem
399 1755 471 1805 sanari,
483 1767 556 1805 eorpus
566 1759 589 1795 ut
599 1767 689 1808 aegrum,

84 1807 125 1850 510
137 1806 246 1856 Geminius,
259 1810 279 1846 et
289 1806 343 1846 flecti
352 1806 449 1846 medicina
459 1820 517 1857 posse
528 1806 630 1856 videnum
688 1844 691 1847 Δ

137 1861 160 1902 ld
168 1872 245 1910 quoque
252 1858 359 1911 praesagit,
372 1860 477 1907 mortalem
488 1858 557 1897 rivere
567 1863 660 1908 mentem.

60 1958 63 1961 ¹
136 1913 214 1954 Addere
223 1912 276 1950 enim
285 1910 365 1961 parteis,
378 1914 413 1950 aut
424 1912 492 1950 ordine
501 1910 600 1960 traiicere,
610 1923 696 1962 aequum
703 1913 740 1960 est,

137 1966 177 2006 Aut
186 1964 260 2013 aliquid
270 1976 362 2013 prorsmu
374 1964 398 2007 de
406 1975 484 2002 summa
496 1962 600 2002 detrahere
611 1963 683 2009 hilum,

139 2017 265 2056 Commutare
275 2014 363 2053 animum
375 2014 508 2065 quiquomque
517 2013 607 2053 adoritur
618 2018 638 2055 et
651 2015 707 2065 iuiit;

86 2064 133 2109 «¹515⁴
138 2069 179 2109 Aut
188 2067 250 2106 aliam
259 2066 348 2116 quamvis
358 2071 449 2104 naturam
456 2067 535 2105 flectere
546 2065 628 2114 quaerit.

138 2121 165 2159 nt
176 2131 240 2169 neque
248 2116 352 2157 transferri
363 2117 401 2156 sibi
409 2117 482 2166 parteis
492 2129 529 2155 nec
536 2117 599 2155 tribui
606 2118 655 2167 volt,

138 2171 253 2211 Immortale
262 2170 320 2220 quod
327 2172 362 2218 est,
375 2168 488 2220 quidquam,
500 2180 564 2218 neque
576 2168 744 2211 defluerehilum„

139 2221 191 2263 Nam
201 2223 351 2272 quodquomque
360 2222 399 2261 suis
407 2223 505 2261 mutatum
513 2220 585 2260 finibus
596 2221 642 2272 exit,

140 2273 236 2313 Continuo
246 2275 286 2312 hoo
295 2278 349 2312 mors
359 2277 388 2314 est
397 2273 458 2322 illius,
472 2272 569 2322 quodfuit
579 2276 629 2312 ante.

88 2323 128 2367 520
166 2325 222 2376 Ergo
234 2325 319 2374 animus,
329 2324 393 2366 sivea
430 2325 483 2374 escit,
498 2324 590 2366 mortalia
599 2325 657 2378 signa

139 2377 209 2426 illittit,
221 2379 244 2414 ut
254 2377 336 2425 edorui3
347 2390 383 2417 seu
410 2378 480 2418 retitur
489 2388 502 2415 a
510 2376 617 2418 medicina:

140 2430 207 2481 Usque
215 2429 266 2470 adeo
276 2429 339 2470 falsae
348 2429 429 2473 rationis
437 2441 486 2471 vero
495 2428 586 2486 *videtur
