<?xml version="1.0" encoding="UTF-8"?>
<!DOCTYPE html PUBLIC "-//W3C//DTD XHTML 1.0 Transitional//EN"
    "http://www.w3.org/TR/xhtml1/DTD/xhtml1-transitional.dtd">
<html xmlns="http://www.w3.org/1999/xhtml" xml:lang="en" lang="en">
 <head>
  <title>
</title>
<meta http-equiv="Content-Type" content="text/html;charset=utf-8" />
  <meta name='ocr-system' content='tesseract 3.04.00' />
  <meta name='ocr-capabilities' content='ocr_page ocr_carea ocr_par ocr_line ocrx_word'/>
</head>
<body>
  <div class='ocr_page' id='page_1' title='image "./MN40048ucmf_3_0477.png"; bbox 0 0 1690 2654; ppageno 0'>
   <div class='ocr_carea' id='block_1_1' title="bbox 250 100 813 155">
    <p class='ocr_par' dir='ltr' id='par_1_1' title="bbox 250 100 813 155">
     <span class='ocr_line' id='line_1_1' title="bbox 250 100 813 155; baseline 0.007 -13"><span class='ocrx_word' id='word_1_1' title='bbox 250 100 293 142; x_wconf 76' lang='lat' dir='ltr'><strong>tto</strong></span> <span class='ocrx_word' id='word_1_2' title='bbox 310 101 449 143; x_wconf 83' lang='lat' dir='ltr'><strong>LIBRUM</strong></span> <span class='ocrx_word' id='word_1_3' title='bbox 465 102 645 155; x_wconf 77' lang='lat' dir='ltr'><strong>QUARTUM.</strong></span> <span class='ocrx_word' id='word_1_4' title='bbox 765 100 813 146; x_wconf 74' lang='lat'><strong>387</strong></span> 
     </span>
    </p>
   </div>
   <div class='ocr_carea' id='block_1_2' title="bbox 65 210 814 2287">
    <p class='ocr_par' dir='ltr' id='par_1_2' title="bbox 89 210 812 302">
     <span class='ocr_line' id='line_1_2' title="bbox 89 210 812 265; baseline 0.003 -16"><span class='ocrx_word' id='word_1_5' title='bbox 89 210 243 263; x_wconf 75' lang='lat' dir='ltr'><strong>praetermittas</strong></span> <span class='ocrx_word' id='word_1_6' title='bbox 260 211 325 251; x_wconf 84' lang='lat' dir='ltr'><strong>animi</strong></span> <span class='ocrx_word' id='word_1_7' title='bbox 336 212 398 264; x_wconf 86' lang='lat' dir='ltr'><strong>vitia,</strong></span> <span class='ocrx_word' id='word_1_8' title='bbox 420 219 444 252; x_wconf 89' lang='lat' dir='ltr'><strong>ut</strong></span> <span class='ocrx_word' id='word_1_9' title='bbox 460 212 554 265; x_wconf 84' lang='lat' dir='ltr'><strong>corporis</strong></span> <span class='ocrx_word' id='word_1_10' title='bbox 572 212 636 250; x_wconf 85' lang='lat' dir='ltr'><strong>etiam</strong></span> <span class='ocrx_word' id='word_1_11' title='bbox 649 210 700 252; x_wconf 83' lang='lat' dir='ltr'><strong>vitia</strong></span> <span class='ocrx_word' id='word_1_12' title='bbox 714 218 812 264; x_wconf 86' lang='lat' dir='ltr'><strong>praeter-</strong></span> 
     </span>
     <span class='ocr_line' id='line_1_3' title="bbox 89 265 185 302; baseline -0.01 -1"><span class='ocrx_word' id='word_1_13' title='bbox 89 265 185 302; x_wconf 84' lang='lat' dir='ltr'><strong>mittas.“</strong></span> 
     </span>
    </p>

    <p class='ocr_par' dir='ltr' id='par_1_3' title="bbox 88 313 812 573">
     <span class='ocr_line' id='line_1_4' title="bbox 141 313 812 366; baseline -0.003 -11"><span class='ocrx_word' id='word_1_14' title='bbox 141 313 199 355; x_wconf 79' lang='lat'>1149.</span> <span class='ocrx_word' id='word_1_15' title='bbox 231 315 345 364; x_wconf 85' lang='lat' dir='ltr'><strong>„Editores</strong></span> <span class='ocrx_word' id='word_1_16' title='bbox 367 315 467 355; x_wconf 79' lang='lat' dir='ltr'><strong>infercire</strong></span> <span class='ocrx_word' id='word_1_17' title='bbox 483 315 552 353; x_wconf 79' lang='lat' dir='ltr'><strong>solent</strong></span> <span class='ocrx_word' id='word_1_18' title='bbox 567 327 685 366; x_wconf 84' lang='lat' dir='ltr'>pronomen</span> <span class='ocrx_word' id='word_1_19' title='bbox 701 318 739 356; x_wconf 77' lang='lat' dir='ltr'><strong>hoc</strong></span> <span class='ocrx_word' id='word_1_20' title='bbox 755 316 812 354; x_wconf 88' lang='lat' dir='ltr'><strong>inter</strong></span> 
     </span>
     <span class='ocr_line' id='line_1_5' title="bbox 88 367 812 420; baseline -0.001 -12"><span class='ocrx_word' id='word_1_21' title='bbox 88 369 144 408; x_wconf 82' lang='lat' dir='ltr'><strong>Noni</strong></span> <span class='ocrx_word' id='word_1_22' title='bbox 153 374 174 405; x_wconf 88' lang='lat' dir='ltr'><strong>et</strong></span> <span class='ocrx_word' id='word_1_23' title='bbox 180 369 275 420; x_wconf 77' lang='lat' dir='ltr'><strong>fuciunt:</strong></span> <span class='ocrx_word' id='word_1_24' title='bbox 290 367 401 417; x_wconf 82' lang='lat' dir='ltr'><strong>audacius,</strong></span> <span class='ocrx_word' id='word_1_25' title='bbox 416 381 443 405; x_wconf 88' lang='lat' dir='ltr'><strong>an</strong></span> <span class='ocrx_word' id='word_1_26' title='bbox 453 368 555 415; x_wconf 87' lang='lat' dir='ltr'><strong>inscitius,</strong></span> <span class='ocrx_word' id='word_1_27' title='bbox 569 374 653 419; x_wconf 77' lang='lat' dir='ltr'><strong>egomet</strong></span> <span class='ocrx_word' id='word_1_28' title='bbox 664 367 720 406; x_wconf 87' lang='lat' dir='ltr'><strong>haud</strong></span> <span class='ocrx_word' id='word_1_29' title='bbox 729 375 812 407; x_wconf 84' lang='lat' dir='ltr'><strong>temere</strong></span> 
     </span>
     <span class='ocr_line' id='line_1_6' title="bbox 89 419 811 469; baseline 0.004 -13"><span class='ocrx_word' id='word_1_30' title='bbox 89 420 165 458; x_wconf 89' lang='lat' dir='ltr'><strong>dicam.</strong></span> <span class='ocrx_word' id='word_1_31' title='bbox 193 419 247 456; x_wconf 87' lang='lat' dir='ltr'><strong>Ordo</strong></span> <span class='ocrx_word' id='word_1_32' title='bbox 261 426 302 456; x_wconf 87' lang='lat' dir='ltr'><strong>est:</strong></span> <span class='ocrx_word' id='word_1_33' title='bbox 315 421 368 457; x_wconf 90' lang='lat' dir='ltr'><strong>Nam</strong></span> <span class='ocrx_word' id='word_1_34' title='bbox 377 420 485 466; x_wconf 86' lang='lat' dir='ltr'><strong>homines,</strong></span> <span class='ocrx_word' id='word_1_35' title='bbox 500 420 558 456; x_wconf 84' lang='lat' dir='ltr'><strong>caeci</strong></span> <span class='ocrx_word' id='word_1_36' title='bbox 571 420 679 469; x_wconf 86' lang='lat' dir='ltr'><strong>cupidine,</strong></span> <span class='ocrx_word' id='word_1_37' title='bbox 693 420 811 459; x_wconf 82' lang='lat' dir='ltr'><strong>faciuntea</strong></span> 
     </span>
     <span class='ocr_line' id='line_1_7' title="bbox 89 470 812 523; baseline 0.003 -14"><span class='ocrx_word' id='word_1_38' title='bbox 89 470 209 517; x_wconf 86' lang='lat' dir='ltr'><strong>commoda,</strong></span> <span class='ocrx_word' id='word_1_39' title='bbox 223 470 249 518; x_wconf 82' lang='lat' dir='ltr'><strong>(i.</strong></span> <span class='ocrx_word' id='word_1_40' title='bbox 262 483 280 508; x_wconf 93' lang='lat' dir='ltr'><strong>e.</strong></span> <span class='ocrx_word' id='word_1_41' title='bbox 291 472 427 521; x_wconf 82' lang='lat' dir='ltr'><strong>confingunt)</strong></span> <span class='ocrx_word' id='word_1_42' title='bbox 442 478 462 509; x_wconf 93' lang='lat' dir='ltr'><strong>et</strong></span> <span class='ocrx_word' id='word_1_43' title='bbox 471 471 575 521; x_wconf 86' lang='lat' dir='ltr'><strong>tribuunt,</strong></span> <span class='ocrx_word' id='word_1_44' title='bbox 589 484 642 523; x_wconf 86' lang='lat' dir='ltr'><strong>quae</strong></span> <span class='ocrx_word' id='word_1_45' title='bbox 651 484 694 509; x_wconf 89' lang='lat' dir='ltr'><strong>non</strong></span> <span class='ocrx_word' id='word_1_46' title='bbox 705 485 753 510; x_wconf 85' lang='lat' dir='ltr'><strong>vere</strong></span> <span class='ocrx_word' id='word_1_47' title='bbox 764 486 812 511; x_wconf 88' lang='lat' dir='ltr'><strong>mu-</strong></span> 
     </span>
     <span class='ocr_line' id='line_1_8' title="bbox 88 521 435 573; baseline 0.003 -12"><span class='ocrx_word' id='word_1_48' title='bbox 88 522 174 561; x_wconf 86' lang='lat' dir='ltr'><strong>lieribus</strong></span> <span class='ocrx_word' id='word_1_49' title='bbox 188 521 347 573; x_wconf 79' lang='lat' dir='ltr'><strong>contigerunt.“</strong></span> <span class='ocrx_word' id='word_1_50' title='bbox 362 526 393 562; x_wconf 85' lang='lat' dir='ltr'><em>W</em></span> <span class='ocrx_word' id='word_1_51' title='bbox 396 526 435 561; x_wconf 85' lang='lat' dir='ltr'><strong>alc.</strong></span> 
     </span>
    </p>

    <p class='ocr_par' dir='ltr' id='par_1_4' title="bbox 88 574 813 781">
     <span class='ocr_line' id='line_1_9' title="bbox 141 574 812 626; baseline 0.001 -14"><span class='ocrx_word' id='word_1_52' title='bbox 141 574 199 613; x_wconf 75' lang='lat'><strong>1152.</strong></span> <span class='ocrx_word' id='word_1_53' title='bbox 227 574 318 624; x_wconf 78' lang='lat' dir='ltr'><strong>deliciis]</strong></span> <span class='ocrx_word' id='word_1_54' title='bbox 333 574 363 611; x_wconf 86' lang='lat' dir='ltr'><strong>sic</strong></span> <span class='ocrx_word' id='word_1_55' title='bbox 376 574 438 615; x_wconf 84' lang='lat' dir='ltr'><strong>Vind.</strong></span> <span class='ocrx_word' id='word_1_56' title='bbox 453 575 525 621; x_wconf 79' lang='lat' dir='ltr'><strong>Cant,</strong></span> <span class='ocrx_word' id='word_1_57' title='bbox 539 587 551 612; x_wconf 88' lang='lat' dir='ltr'><strong>a</strong></span> <span class='ocrx_word' id='word_1_58' title='bbox 568 574 643 626; x_wconf 72' lang='lat' dir='ltr'><strong>quibus</strong></span> <span class='ocrx_word' id='word_1_59' title='bbox 656 579 699 612; x_wconf 86' lang='lat' dir='ltr'><strong>non</strong></span> <span class='ocrx_word' id='word_1_60' title='bbox 709 575 812 613; x_wconf 82' lang='lat' dir='ltr'><strong>recedunt</strong></span> 
     </span>
     <span class='ocr_line' id='line_1_10' title="bbox 88 625 811 677; baseline 0 -14"><span class='ocrx_word' id='word_1_61' title='bbox 88 625 138 663; x_wconf 86' lang='lat' dir='ltr'><strong>Brit.</strong></span> <span class='ocrx_word' id='word_1_62' title='bbox 149 629 167 664; x_wconf 87' lang='lat'><strong>1.</strong></span> <span class='ocrx_word' id='word_1_63' title='bbox 178 627 197 665; x_wconf 87' lang='lat'><strong>3.</strong></span> <span class='ocrx_word' id='word_1_64' title='bbox 214 625 259 663; x_wconf 83' lang='lat' dir='ltr'><strong>Ald.</strong></span> <span class='ocrx_word' id='word_1_65' title='bbox 270 627 288 665; x_wconf 87' lang='lat'><strong>1.</strong></span> <span class='ocrx_word' id='word_1_66' title='bbox 300 628 319 664; x_wconf 71' lang='lat'><strong>2.</strong></span> <span class='ocrx_word' id='word_1_67' title='bbox 335 629 383 664; x_wconf 85' lang='lat' dir='ltr'><strong>Bon.</strong></span> <span class='ocrx_word' id='word_1_68' title='bbox 402 632 469 676; x_wconf 77' lang='lat' dir='ltr'><strong>lunt,</strong></span> <span class='ocrx_word' id='word_1_69' title='bbox 485 629 564 666; x_wconf 75' lang='lat' dir='ltr'><strong>delitiis</strong></span> <span class='ocrx_word' id='word_1_70' title='bbox 579 627 716 677; x_wconf 80' lang='lat' dir='ltr'><strong>praebentes3</strong></span> <span class='ocrx_word' id='word_1_71' title='bbox 731 628 780 675; x_wconf 71' lang='lat' dir='ltr'><strong>Brit.</strong></span> <span class='ocrx_word' id='word_1_72' title='bbox 791 631 811 667; x_wconf 69' lang='lat' dir='ltr'><strong>Q.</strong></span> 
     </span>
     <span class='ocr_line' id='line_1_11' title="bbox 88 677 813 730; baseline 0.001 -13"><span class='ocrx_word' id='word_1_73' title='bbox 88 681 137 717; x_wconf 87' lang='lat' dir='ltr'><strong>inde</strong></span> <span class='ocrx_word' id='word_1_74' title='bbox 149 680 221 724; x_wconf 79' lang='lat' dir='ltr'><strong>dictis,</strong></span> <span class='ocrx_word' id='word_1_75' title='bbox 234 677 310 727; x_wconf 81' lang='lat' dir='ltr'><strong>reliqui</strong></span> <span class='ocrx_word' id='word_1_76' title='bbox 321 678 371 715; x_wconf 82' lang='lat' dir='ltr'><strong>libri</strong></span> <span class='ocrx_word' id='word_1_77' title='bbox 382 691 455 725; x_wconf 86' lang='lat' dir='ltr'><strong>omnes</strong></span> <span class='ocrx_word' id='word_1_78' title='bbox 466 681 548 717; x_wconf 78' lang='lat' dir='ltr'><strong>delictis</strong></span> <span class='ocrx_word' id='word_1_79' title='bbox 553 695 561 723; x_wconf 79' lang='lat'><strong>,-</strong></span> <span class='ocrx_word' id='word_1_80' title='bbox 575 691 640 729; x_wconf 87' lang='lat' dir='ltr'><strong>qnare</strong></span> <span class='ocrx_word' id='word_1_81' title='bbox 649 678 710 718; x_wconf 71' lang='lat' dir='ltr'><strong>W‘alr.</strong></span> <span class='ocrx_word' id='word_1_82' title='bbox 721 680 813 730; x_wconf 88' lang='lat' dir='ltr'><strong>suspica-</strong></span> 
     </span>
     <span class='ocr_line' id='line_1_12' title="bbox 88 729 680 781; baseline 0.003 -14"><span class='ocrx_word' id='word_1_83' title='bbox 88 736 123 767; x_wconf 82' lang='lat' dir='ltr'><strong>tur</strong></span> <span class='ocrx_word' id='word_1_84' title='bbox 132 731 223 777; x_wconf 82' lang='lat' dir='ltr'><strong>dilectis,</strong></span> <span class='ocrx_word' id='word_1_85' title='bbox 238 729 295 780; x_wconf 85' lang='lat' dir='ltr'><strong>quod</strong></span> <span class='ocrx_word' id='word_1_86' title='bbox 307 743 349 767; x_wconf 91' lang='lat' dir='ltr'><strong>non</strong></span> <span class='ocrx_word' id='word_1_87' title='bbox 360 731 417 768; x_wconf 89' lang='lat' dir='ltr'><strong>omni</strong></span> <span class='ocrx_word' id='word_1_88' title='bbox 430 737 488 768; x_wconf 87' lang='lat' dir='ltr'><strong>caret</strong></span> <span class='ocrx_word' id='word_1_89' title='bbox 498 730 592 768; x_wconf 87' lang='lat' dir='ltr'><strong>veritatis</strong></span> <span class='ocrx_word' id='word_1_90' title='bbox 605 731 680 781; x_wconf 86' lang='lat' dir='ltr'><strong>specie.</strong></span> 
     </span>
    </p>

    <p class='ocr_par' dir='ltr' id='par_1_5' title="bbox 88 780 812 884">
     <span class='ocr_line' id='line_1_13' title="bbox 140 780 812 831; baseline 0.003 -11"><span class='ocrx_word' id='word_1_91' title='bbox 140 782 198 820; x_wconf 85' lang='lat'><strong>1153.</strong></span> <span class='ocrx_word' id='word_1_92' title='bbox 225 782 318 831; x_wconf 75' lang='lat' dir='ltr'><strong>siladent]</strong></span> <span class='ocrx_word' id='word_1_93' title='bbox 333 783 392 822; x_wconf 81' lang='lat' dir='ltr'><strong>Gonf.</strong></span> <span class='ocrx_word' id='word_1_94' title='bbox 403 783 429 819; x_wconf 82' lang='lat' dir='ltr'><strong>ad</strong></span> <span class='ocrx_word' id='word_1_95' title='bbox 439 784 456 829; x_wconf 84' lang='lat' dir='ltr'><strong>l,</strong></span> <span class='ocrx_word' id='word_1_96' title='bbox 466 780 511 821; x_wconf 64' lang='lat'><strong>224.</strong></span> <span class='ocrx_word' id='word_1_97' title='bbox 527 784 563 830; x_wconf 88' lang='lat' dir='ltr'><strong>IV,</strong></span> <span class='ocrx_word' id='word_1_98' title='bbox 575 785 619 823; x_wconf 71' lang='lat'><strong>621.</strong></span> <span class='ocrx_word' id='word_1_99' title='bbox 631 789 671 821; x_wconf 85' lang='lat' dir='ltr'><strong>etc.</strong></span> <span class='ocrx_word' id='word_1_100' title='bbox 682 782 743 822; x_wconf 76' lang='lat' dir='ltr'><strong>Wak.</strong></span> <span class='ocrx_word' id='word_1_101' title='bbox 755 796 812 822; x_wconf 91' lang='lat' dir='ltr'><strong>com-</strong></span> 
     </span>
     <span class='ocr_line' id='line_1_14' title="bbox 88 831 649 884; baseline 0.002 -13"><span class='ocrx_word' id='word_1_102' title='bbox 88 839 149 884; x_wconf 78' lang='lat' dir='ltr'><strong>parat</strong></span> <span class='ocrx_word' id='word_1_103' title='bbox 158 832 266 883; x_wconf 84' lang='lat' dir='ltr'><strong>Sedulium</strong></span> <span class='ocrx_word' id='word_1_104' title='bbox 276 834 293 883; x_wconf 74' lang='grc' dir='ltr'><strong>Ι,</strong></span> <span class='ocrx_word' id='word_1_105' title='bbox 304 831 353 873; x_wconf 74' lang='lat'><strong>274:</strong></span> <span class='ocrx_word' id='word_1_106' title='bbox 360 841 380 872; x_wconf 90' lang='lat' dir='ltr'><strong>et</strong></span> <span class='ocrx_word' id='word_1_107' title='bbox 389 837 527 872; x_wconf 84' lang='lat' dir='ltr'><strong>Fortunatum</strong></span> <span class='ocrx_word' id='word_1_108' title='bbox 539 836 574 881; x_wconf 87' lang='lat' dir='ltr'><strong>Vl,</strong></span> <span class='ocrx_word' id='word_1_109' title='bbox 584 837 603 880; x_wconf 83' lang='lat'><strong>7,</strong></span> <span class='ocrx_word' id='word_1_110' title='bbox 619 832 649 873; x_wconf 74' lang='lat'><strong>14.</strong></span> 
     </span>
    </p>

    <p class='ocr_par' dir='ltr' id='par_1_6' title="bbox 65 883 814 1147">
     <span class='ocr_line' id='line_1_15' title="bbox 141 883 813 937; baseline 0.004 -14"><span class='ocrx_word' id='word_1_111' title='bbox 141 883 199 925; x_wconf 76' lang='lat'><strong>1154.</strong></span> <span class='ocrx_word' id='word_1_112' title='bbox 223 886 322 937; x_wconf 78' lang='lat' dir='ltr'><strong>placent]</strong></span> <span class='ocrx_word' id='word_1_113' title='bbox 337 886 429 937; x_wconf 63' lang='lat' dir='ltr'><strong>Lugdss.</strong></span> <span class='ocrx_word' id='word_1_114' title='bbox 444 889 471 934; x_wconf 84' lang='lat' dir='ltr'><strong>(a</strong></span> <span class='ocrx_word' id='word_1_115' title='bbox 484 886 576 924; x_wconf 87' lang='lat' dir='ltr'><strong>secunda</strong></span> <span class='ocrx_word' id='word_1_116' title='bbox 588 886 669 936; x_wconf 88' lang='lat' dir='ltr'><strong>manu)</strong></span> <span class='ocrx_word' id='word_1_117' title='bbox 683 886 741 924; x_wconf 85' lang='lat' dir='ltr'><strong>Bodl.</strong></span> <span class='ocrx_word' id='word_1_118' title='bbox 750 889 813 927; x_wconf 85' lang='lat' dir='ltr'><strong>Poor.</strong></span> 
     </span>
     <span class='ocr_line' id='line_1_16' title="bbox 65 936 813 990; baseline 0.001 -15"><span class='ocrx_word' id='word_1_119' title='bbox 65 972 69 975; x_wconf 75' lang='grc'>,</span> <span class='ocrx_word' id='word_1_120' title='bbox 88 936 138 975; x_wconf 87' lang='lat' dir='ltr'><strong>Brit.</strong></span> <span class='ocrx_word' id='word_1_121' title='bbox 152 938 170 976; x_wconf 90' lang='lat'><strong>1.</strong></span> <span class='ocrx_word' id='word_1_122' title='bbox 182 937 203 976; x_wconf 84' lang='lat'><strong>5.</strong></span> <span class='ocrx_word' id='word_1_123' title='bbox 219 942 239 974; x_wconf 88' lang='lat' dir='ltr'><strong>et</strong></span> <span class='ocrx_word' id='word_1_124' title='bbox 254 937 307 975; x_wconf 85' lang='lat' dir='ltr'><strong>Brix.</strong></span> <span class='ocrx_word' id='word_1_125' title='bbox 326 941 374 979; x_wconf 87' lang='lat' dir='ltr'><strong>Ver.</strong></span> <span class='ocrx_word' id='word_1_126' title='bbox 389 942 441 978; x_wconf 81' lang='lat' dir='ltr'><strong>Ven.</strong></span> <span class='ocrx_word' id='word_1_127' title='bbox 456 937 501 976; x_wconf 87' lang='lat' dir='ltr'><strong>Ald.</strong></span> <span class='ocrx_word' id='word_1_128' title='bbox 516 940 533 977; x_wconf 90' lang='lat'><strong>1.</strong></span> <span class='ocrx_word' id='word_1_129' title='bbox 550 940 599 976; x_wconf 90' lang='lat' dir='ltr'><strong>Bon.</strong></span> <span class='ocrx_word' id='word_1_130' title='bbox 611 940 720 990; x_wconf 81' lang='lat' dir='ltr'><strong>placeant,</strong></span> <span class='ocrx_word' id='word_1_131' title='bbox 733 939 782 979; x_wconf 85' lang='lat' dir='ltr'><strong>Brit.</strong></span> <span class='ocrx_word' id='word_1_132' title='bbox 793 941 813 985; x_wconf 79' lang='grc'><strong>2.</strong></span> 
     </span>
     <span class='ocr_line' id='line_1_17' title="bbox 87 989 814 1041; baseline 0.004 -16"><span class='ocrx_word' id='word_1_133' title='bbox 87 991 162 1041; x_wconf 75' lang='lat' dir='ltr'><strong>placet.</strong></span> <span class='ocrx_word' id='word_1_134' title='bbox 180 1008 206 1018; x_wconf 90' lang='lat'><em>-</em></span> <span class='ocrx_word' id='word_1_135' title='bbox 225 989 366 1041; x_wconf 82' lang='lat' dir='ltr'><strong>afflictentur]</strong></span> <span class='ocrx_word' id='word_1_136' title='bbox 386 989 415 1028; x_wconf 90' lang='lat' dir='ltr'><strong>sic</strong></span> <span class='ocrx_word' id='word_1_137' title='bbox 428 990 490 1028; x_wconf 84' lang='lat' dir='ltr'><strong>Wak.</strong></span> <span class='ocrx_word' id='word_1_138' title='bbox 507 1003 556 1031; x_wconf 81' lang='lat' dir='ltr'><strong>cum</strong></span> <span class='ocrx_word' id='word_1_139' title='bbox 574 990 635 1029; x_wconf 88' lang='lat' dir='ltr'><strong>Vind.</strong></span> <span class='ocrx_word' id='word_1_140' title='bbox 651 992 712 1030; x_wconf 83' lang='lat' dir='ltr'><strong>Poor.</strong></span> <span class='ocrx_word' id='word_1_141' title='bbox 728 992 780 1030; x_wconf 83' lang='lat' dir='ltr'><strong>Brit.</strong></span> <span class='ocrx_word' id='word_1_142' title='bbox 795 993 814 1029; x_wconf 87' lang='lat'><strong>1.</strong></span> 
     </span>
     <span class='ocr_line' id='line_1_18' title="bbox 88 1040 813 1094; baseline 0.004 -18"><span class='ocrx_word' id='word_1_143' title='bbox 88 1041 146 1077; x_wconf 83' lang='lat' dir='ltr'><strong>Cant.</strong></span> <span class='ocrx_word' id='word_1_144' title='bbox 156 1040 208 1077; x_wconf 81' lang='lat' dir='ltr'><strong>Brix.</strong></span> <span class='ocrx_word' id='word_1_145' title='bbox 220 1044 272 1079; x_wconf 85' lang='lat' dir='ltr'><strong>lunt.</strong></span> <span class='ocrx_word' id='word_1_146' title='bbox 290 1048 311 1079; x_wconf 91' lang='lat' dir='ltr'><strong>et</strong></span> <span class='ocrx_word' id='word_1_147' title='bbox 325 1041 370 1081; x_wconf 81' lang='lat' dir='ltr'><strong>Ald.</strong></span> <span class='ocrx_word' id='word_1_148' title='bbox 380 1043 412 1087; x_wconf 68' lang='lat'><strong>23</strong></span> <span class='ocrx_word' id='word_1_149' title='bbox 429 1042 478 1079; x_wconf 86' lang='lat' dir='ltr'><strong>Brit.</strong></span> <span class='ocrx_word' id='word_1_150' title='bbox 490 1043 509 1080; x_wconf 76' lang='lat'><strong>2.</strong></span> <span class='ocrx_word' id='word_1_151' title='bbox 525 1043 657 1093; x_wconf 81' lang='lat' dir='ltr'><strong>affectentur,</strong></span> <span class='ocrx_word' id='word_1_152' title='bbox 672 1042 752 1094; x_wconf 80' lang='lat' dir='ltr'><strong>(Lugd.</strong></span> <span class='ocrx_word' id='word_1_153' title='bbox 762 1045 780 1082; x_wconf 91' lang='lat'><strong>1.</strong></span> <span class='ocrx_word' id='word_1_154' title='bbox 792 1044 813 1082; x_wconf 75' lang='lat'><strong>2.</strong></span> 
     </span>
     <span class='ocr_line' id='line_1_19' title="bbox 87 1091 720 1147; baseline 0.006 -18"><span class='ocrx_word' id='word_1_155' title='bbox 87 1091 175 1139; x_wconf 66' lang='lat' dir='ltr'><strong>Redit)</strong></span> <span class='ocrx_word' id='word_1_156' title='bbox 189 1093 237 1130; x_wconf 85' lang='lat' dir='ltr'><strong>Ver.</strong></span> <span class='ocrx_word' id='word_1_157' title='bbox 248 1094 298 1133; x_wconf 76' lang='lat' dir='ltr'><strong>ven.</strong></span> <span class='ocrx_word' id='word_1_158' title='bbox 310 1093 353 1131; x_wconf 82' lang='lat' dir='ltr'><strong>Ald.</strong></span> <span class='ocrx_word' id='word_1_159' title='bbox 366 1095 384 1134; x_wconf 88' lang='lat'><strong>1.</strong></span> <span class='ocrx_word' id='word_1_160' title='bbox 396 1096 446 1135; x_wconf 87' lang='lat' dir='ltr'><strong>Bon.</strong></span> <span class='ocrx_word' id='word_1_161' title='bbox 458 1094 601 1147; x_wconf 78' lang='lat' dir='ltr'><strong>afflictentur,</strong></span> <span class='ocrx_word' id='word_1_162' title='bbox 615 1099 638 1131; x_wconf 91' lang='lat' dir='ltr'><strong>ut</strong></span> <span class='ocrx_word' id='word_1_163' title='bbox 649 1093 720 1145; x_wconf 83' lang='lat' dir='ltr'><strong>vulgo.</strong></span> 
     </span>
    </p>

    <p class='ocr_par' dir='ltr' id='par_1_7' title="bbox 87 1145 814 1508">
     <span class='ocr_line' id='line_1_20' title="bbox 141 1145 813 1199; baseline 0.006 -17"><span class='ocrx_word' id='word_1_164' title='bbox 141 1145 199 1184; x_wconf 82' lang='lat'><strong>1156.</strong></span> <span class='ocrx_word' id='word_1_165' title='bbox 226 1145 343 1196; x_wconf 72' lang='grc' dir='ltr'><strong><em>μελίχροος]</em></strong></span> <span class='ocrx_word' id='word_1_166' title='bbox 358 1146 388 1182; x_wconf 86' lang='lat' dir='ltr'><strong>sic</strong></span> <span class='ocrx_word' id='word_1_167' title='bbox 399 1146 474 1194; x_wconf 57' lang='lat' dir='ltr'><strong>etde,</strong></span> <span class='ocrx_word' id='word_1_168' title='bbox 491 1158 531 1183; x_wconf 89' lang='lat' dir='ltr'><strong>nec</strong></span> <span class='ocrx_word' id='word_1_169' title='bbox 539 1147 600 1184; x_wconf 84' lang='lat' dir='ltr'><strong>valde</strong></span> <span class='ocrx_word' id='word_1_170' title='bbox 610 1146 813 1199; x_wconf 56' lang='lat' dir='ltr'><strong>receduntLugdAE.</strong></span> 
     </span>
     <span class='ocr_line' id='line_1_21' title="bbox 87 1197 814 1247; baseline 0.001 -11"><span class='ocrx_word' id='word_1_171' title='bbox 87 1198 202 1242; x_wconf 78' lang='lat' dir='ltr'><strong>melichrus,</strong></span> <span class='ocrx_word' id='word_1_172' title='bbox 216 1197 282 1247; x_wconf 81' lang='lat' dir='ltr'><strong>Lugd.</strong></span> <span class='ocrx_word' id='word_1_173' title='bbox 291 1199 309 1236; x_wconf 91' lang='lat'><strong>1.</strong></span> <span class='ocrx_word' id='word_1_174' title='bbox 321 1203 341 1234; x_wconf 92' lang='lat' dir='ltr'><strong>et</strong></span> <span class='ocrx_word' id='word_1_175' title='bbox 351 1197 427 1247; x_wconf 78' lang='lat' dir='ltr'><strong>Vind,</strong></span> <span class='ocrx_word' id='word_1_176' title='bbox 443 1200 542 1237; x_wconf 77' lang='lat' dir='ltr'><strong>melchrns</strong></span> <span class='ocrx_word' id='word_1_177' title='bbox 556 1198 686 1243; x_wconf 81' lang='lat' dir='ltr'><strong>exhibentes;</strong></span> <span class='ocrx_word' id='word_1_178' title='bbox 702 1200 755 1237; x_wconf 85' lang='lat' dir='ltr'><strong>Brix.</strong></span> <span class='ocrx_word' id='word_1_179' title='bbox 775 1201 814 1238; x_wconf 86' lang='lat' dir='ltr'><strong>mel</strong></span> 
     </span>
     <span class='ocr_line' id='line_1_22' title="bbox 88 1247 813 1297; baseline 0 -10"><span class='ocrx_word' id='word_1_180' title='bbox 88 1263 147 1297; x_wconf 82' lang='lat' dir='ltr'><strong>crus,</strong></span> <span class='ocrx_word' id='word_1_181' title='bbox 161 1247 210 1286; x_wconf 79' lang='lat' dir='ltr'><strong>Brit.</strong></span> <span class='ocrx_word' id='word_1_182' title='bbox 222 1249 240 1287; x_wconf 91' lang='grc'><strong>1.</strong></span> <span class='ocrx_word' id='word_1_183' title='bbox 250 1251 290 1287; x_wconf 89' lang='lat' dir='ltr'><strong>mel</strong></span> <span class='ocrx_word' id='word_1_184' title='bbox 298 1252 359 1297; x_wconf 75' lang='lat' dir='ltr'><strong>cliro,</strong></span> <span class='ocrx_word' id='word_1_185' title='bbox 372 1250 422 1290; x_wconf 80' lang='lat' dir='ltr'><strong>Brit.</strong></span> <span class='ocrx_word' id='word_1_186' title='bbox 434 1251 455 1290; x_wconf 86' lang='lat'><strong>3.</strong></span> <span class='ocrx_word' id='word_1_187' title='bbox 469 1251 529 1290; x_wconf 82' lang='lat' dir='ltr'><strong>Cant.</strong></span> <span class='ocrx_word' id='word_1_188' title='bbox 540 1253 591 1290; x_wconf 84' lang='lat' dir='ltr'><strong>mele</strong></span> <span class='ocrx_word' id='word_1_189' title='bbox 603 1266 660 1294; x_wconf 83' lang='lat' dir='ltr'><strong>cruc,</strong></span> <span class='ocrx_word' id='word_1_190' title='bbox 674 1249 718 1289; x_wconf 86' lang='lat' dir='ltr'><strong>Ald.</strong></span> <span class='ocrx_word' id='word_1_191' title='bbox 733 1252 751 1290; x_wconf 92' lang='grc'><strong>1.</strong></span> <span class='ocrx_word' id='word_1_192' title='bbox 763 1252 813 1289; x_wconf 77' lang='lat' dir='ltr'><strong>Bon.</strong></span> 
     </span>
     <span class='ocr_line' id='line_1_23' title="bbox 87 1301 813 1353; baseline 0.004 -15"><span class='ocrx_word' id='word_1_193' title='bbox 87 1302 141 1338; x_wconf 89' lang='lat' dir='ltr'><strong>Iunt.</strong></span> <span class='ocrx_word' id='word_1_194' title='bbox 157 1303 295 1353; x_wconf 74' lang='grc' dir='ltr'><strong><em>μελαγχρονς,</em></strong></span> <span class='ocrx_word' id='word_1_195' title='bbox 308 1301 338 1339; x_wconf 80' lang='lat' dir='ltr'><strong>Pii</strong></span> <span class='ocrx_word' id='word_1_196' title='bbox 352 1302 415 1341; x_wconf 84' lang='lat' dir='ltr'><strong>codd.</strong></span> <span class='ocrx_word' id='word_1_197' title='bbox 428 1305 552 1352; x_wconf 76' lang='grc' dir='ltr'><strong><em>μελιχλωρος</em></strong></span> <span class='ocrx_word' id='word_1_198' title='bbox 565 1309 586 1339; x_wconf 84' lang='lat' dir='ltr'><strong>et</strong></span> <span class='ocrx_word' id='word_1_199' title='bbox 596 1303 738 1351; x_wconf 70' lang='grc' dir='ltr'><strong><em>μελωνοχρως,</em></strong></span> <span class='ocrx_word' id='word_1_200' title='bbox 752 1304 813 1341; x_wconf 90' lang='lat' dir='ltr'><strong>Poor.</strong></span> 
     </span>
     <span class='ocr_line' id='line_1_24' title="bbox 87 1353 813 1400; baseline -0.001 -8"><span class='ocrx_word' id='word_1_201' title='bbox 87 1355 231 1400; x_wconf 76' lang='lat' dir='ltr'><strong>melochrinm,</strong></span> <span class='ocrx_word' id='word_1_202' title='bbox 252 1353 309 1391; x_wconf 81' lang='lat' dir='ltr'><strong>Bodl.</strong></span> <span class='ocrx_word' id='word_1_203' title='bbox 329 1356 435 1400; x_wconf 72' lang='lat' dir='ltr'><strong>meletulo,</strong></span> <span class='ocrx_word' id='word_1_204' title='bbox 455 1358 503 1394; x_wconf 84' lang='lat' dir='ltr'><strong>Ver.</strong></span> <span class='ocrx_word' id='word_1_205' title='bbox 522 1356 571 1391; x_wconf 80' lang='lat' dir='ltr'><strong>ven.</strong></span> <span class='ocrx_word' id='word_1_206' title='bbox 589 1355 629 1392; x_wconf 88' lang='lat' dir='ltr'><strong>mel</strong></span> <span class='ocrx_word' id='word_1_207' title='bbox 644 1365 714 1392; x_wconf 78' lang='lat' dir='ltr'><strong>tetros.</strong></span> <span class='ocrx_word' id='word_1_208' title='bbox 745 1354 813 1391; x_wconf 81' lang='lat' dir='ltr'><strong>Simili</strong></span> 
     </span>
     <span class='ocr_line' id='line_1_25' title="bbox 87 1404 813 1456; baseline 0.006 -16"><span class='ocrx_word' id='word_1_209' title='bbox 87 1404 152 1441; x_wconf 86' lang='lat' dir='ltr'><strong>modo</strong></span> <span class='ocrx_word' id='word_1_210' title='bbox 162 1404 184 1441; x_wconf 86' lang='lat' dir='ltr'><strong>in</strong></span> <span class='ocrx_word' id='word_1_211' title='bbox 197 1405 293 1442; x_wconf 88' lang='lat' dir='ltr'><strong>omnibus</strong></span> <span class='ocrx_word' id='word_1_212' title='bbox 304 1404 349 1442; x_wconf 85' lang='lat' dir='ltr'><strong>fere</strong></span> <span class='ocrx_word' id='word_1_213' title='bbox 364 1406 450 1443; x_wconf 86' lang='lat' dir='ltr'><strong>vocibus</strong></span> <span class='ocrx_word' id='word_1_214' title='bbox 467 1406 548 1456; x_wconf 80' lang='lat' dir='ltr'><strong>graecis</strong></span> <span class='ocrx_word' id='word_1_215' title='bbox 564 1405 599 1443; x_wconf 80' lang='lat' dir='ltr'><strong>hic</strong></span> <span class='ocrx_word' id='word_1_216' title='bbox 614 1406 773 1444; x_wconf 85' lang='lat' dir='ltr'><strong>occurrentibus</strong></span> <span class='ocrx_word' id='word_1_217' title='bbox 790 1406 813 1444; x_wconf 87' lang='lat' dir='ltr'><strong>in</strong></span> 
     </span>
     <span class='ocr_line' id='line_1_26' title="bbox 88 1454 678 1508; baseline 0 -15"><span class='ocrx_word' id='word_1_218' title='bbox 88 1454 150 1494; x_wconf 55' lang='lat' dir='ltr'><strong>libris*</strong></span> <span class='ocrx_word' id='word_1_219' title='bbox 157 1456 261 1504; x_wconf 81' lang='lat' dir='ltr'><strong>variatur,</strong></span> <span class='ocrx_word' id='word_1_220' title='bbox 275 1457 332 1508; x_wconf 88' lang='lat' dir='ltr'><strong>quod</strong></span> <span class='ocrx_word' id='word_1_221' title='bbox 342 1457 408 1495; x_wconf 86' lang='lat' dir='ltr'><strong>ubivis</strong></span> <span class='ocrx_word' id='word_1_222' title='bbox 418 1457 512 1495; x_wconf 86' lang='lat' dir='ltr'><strong>indicare</strong></span> <span class='ocrx_word' id='word_1_223' title='bbox 521 1457 604 1508; x_wconf 80' lang='lat' dir='ltr'><strong>longius</strong></span> <span class='ocrx_word' id='word_1_224' title='bbox 614 1456 678 1497; x_wconf 81' lang='lat' dir='ltr'><strong>foret,</strong></span> 
     </span>
    </p>

    <p class='ocr_par' dir='ltr' id='par_1_8' title="bbox 87 1508 813 2027">
     <span class='ocr_line' id='line_1_27' title="bbox 141 1508 811 1561; baseline 0.001 -15"><span class='ocrx_word' id='word_1_225' title='bbox 141 1508 199 1548; x_wconf 84' lang='lat'><strong>1158.</strong></span> <span class='ocrx_word' id='word_1_226' title='bbox 225 1511 324 1560; x_wconf 71' lang='grc' dir='ltr'><strong><em>Χαρίτων</em></strong></span> <span class='ocrx_word' id='word_1_227' title='bbox 334 1509 383 1559; x_wconf 70' lang='lat' dir='ltr'><strong>nin]</strong></span> <span class='ocrx_word' id='word_1_228' title='bbox 398 1508 428 1546; x_wconf 81' lang='lat' dir='ltr'><strong>sic</strong></span> <span class='ocrx_word' id='word_1_229' title='bbox 441 1509 501 1548; x_wconf 82' lang='lat' dir='ltr'><strong>Wak.</strong></span> <span class='ocrx_word' id='word_1_230' title='bbox 518 1509 592 1557; x_wconf 86' lang='lat' dir='ltr'><strong>edidit,</strong></span> <span class='ocrx_word' id='word_1_231' title='bbox 607 1521 673 1561; x_wconf 84' lang='lat' dir='ltr'><strong>quum</strong></span> <span class='ocrx_word' id='word_1_232' title='bbox 685 1508 750 1561; x_wconf 81' lang='lat' dir='ltr'><strong>Lugd.</strong></span> <span class='ocrx_word' id='word_1_233' title='bbox 762 1511 780 1550; x_wconf 86' lang='lat'><strong>1.</strong></span> <span class='ocrx_word' id='word_1_234' title='bbox 790 1511 811 1549; x_wconf 76' lang='lat'><strong>2.</strong></span> 
     </span>
     <span class='ocr_line' id='line_1_28' title="bbox 88 1559 811 1612; baseline 0.006 -16"><span class='ocrx_word' id='word_1_235' title='bbox 88 1559 167 1597; x_wconf 84' lang='lat' dir='ltr'><strong>diserte</strong></span> <span class='ocrx_word' id='word_1_236' title='bbox 176 1561 292 1610; x_wconf 84' lang='lat' dir='ltr'><strong>praebeant</strong></span> <span class='ocrx_word' id='word_1_237' title='bbox 302 1565 396 1600; x_wconf 77' lang='lat' dir='ltr'><strong>chariton</strong></span> <span class='ocrx_word' id='word_1_238' title='bbox 405 1564 452 1610; x_wconf 85' lang='lat' dir='ltr'><strong>mio,</strong></span> <span class='ocrx_word' id='word_1_239' title='bbox 466 1561 530 1612; x_wconf 80' lang='lat' dir='ltr'><strong>Lugd.</strong></span> <span class='ocrx_word' id='word_1_240' title='bbox 542 1563 562 1600; x_wconf 75' lang='lat'><strong>2.</strong></span> <span class='ocrx_word' id='word_1_241' title='bbox 573 1574 631 1607; x_wconf 83' lang='lat' dir='ltr'><strong>vero,</strong></span> <span class='ocrx_word' id='word_1_242' title='bbox 645 1561 705 1597; x_wconf 84' lang='lat' dir='ltr'><strong>Vind.</strong></span> <span class='ocrx_word' id='word_1_243' title='bbox 719 1568 740 1599; x_wconf 89' lang='lat' dir='ltr'><strong>et</strong></span> <span class='ocrx_word' id='word_1_244' title='bbox 749 1564 811 1600; x_wconf 83' lang='lat' dir='ltr'><strong>Poor.</strong></span> 
     </span>
     <span class='ocr_line' id='line_1_29' title="bbox 88 1612 812 1660; baseline 0.004 -11"><span class='ocrx_word' id='word_1_245' title='bbox 88 1614 234 1654; x_wconf 75' lang='lat' dir='ltr'><strong>clraritomnie,·</strong></span> <span class='ocrx_word' id='word_1_246' title='bbox 247 1613 300 1649; x_wconf 81' lang='lat' dir='ltr'><strong>Brix.</strong></span> <span class='ocrx_word' id='word_1_247' title='bbox 316 1614 365 1660; x_wconf 73' lang='lat' dir='ltr'><strong>Ver,</strong></span> <span class='ocrx_word' id='word_1_248' title='bbox 377 1614 429 1652; x_wconf 88' lang='lat' dir='ltr'><strong>Ven.</strong></span> <span class='ocrx_word' id='word_1_249' title='bbox 446 1616 593 1660; x_wconf 66' lang='lat' dir='ltr'><strong>clarmanum,</strong></span> <span class='ocrx_word' id='word_1_250' title='bbox 609 1612 669 1649; x_wconf 88' lang='lat' dir='ltr'><strong>Bodl.</strong></span> <span class='ocrx_word' id='word_1_251' title='bbox 686 1614 744 1650; x_wconf 85' lang='lat' dir='ltr'><strong>Cant.</strong></span> <span class='ocrx_word' id='word_1_252' title='bbox 761 1616 812 1652; x_wconf 80' lang='lat' dir='ltr'><strong>clia-</strong></span> 
     </span>
     <span class='ocr_line' id='line_1_30' title="bbox 87 1662 812 1716; baseline 0.003 -16"><span class='ocrx_word' id='word_1_253' title='bbox 87 1664 186 1708; x_wconf 85' lang='lat' dir='ltr'><strong>ritonnie‚</strong></span> <span class='ocrx_word' id='word_1_254' title='bbox 201 1663 246 1701; x_wconf 84' lang='lat' dir='ltr'><strong>Ald.</strong></span> <span class='ocrx_word' id='word_1_255' title='bbox 259 1666 277 1703; x_wconf 87' lang='lat'><strong>1.</strong></span> <span class='ocrx_word' id='word_1_256' title='bbox 288 1665 307 1703; x_wconf 75' lang='lat'><strong>2.</strong></span> <span class='ocrx_word' id='word_1_257' title='bbox 318 1665 368 1701; x_wconf 86' lang='lat' dir='ltr'><strong>Bon.</strong></span> <span class='ocrx_word' id='word_1_258' title='bbox 380 1665 434 1702; x_wconf 84' lang='lat' dir='ltr'><strong>lunt.</strong></span> <span class='ocrx_word' id='word_1_259' title='bbox 446 1667 568 1712; x_wconf 69' lang='lat' dir='ltr'><strong>cimiteria,</strong></span> <span class='ocrx_word' id='word_1_260' title='bbox 582 1662 638 1700; x_wconf 88' lang='lat' dir='ltr'><strong>unde</strong></span> <span class='ocrx_word' id='word_1_261' title='bbox 651 1663 743 1716; x_wconf 80' lang='lat' dir='ltr'><strong>vulgaris</strong></span> <span class='ocrx_word' id='word_1_262' title='bbox 754 1664 812 1702; x_wconf 81' lang='lat' dir='ltr'><strong>facta</strong></span> 
     </span>
     <span class='ocr_line' id='line_1_31' title="bbox 87 1715 812 1767; baseline 0.006 -15"><span class='ocrx_word' id='word_1_263' title='bbox 87 1716 177 1764; x_wconf 79' lang='grc' dir='ltr'><strong><em>χωρίτων</em></strong></span> <span class='ocrx_word' id='word_1_264' title='bbox 188 1715 222 1763; x_wconf 81' lang='lat' dir='ltr'><strong>i&#39;n3</strong></span> <span class='ocrx_word' id='word_1_265' title='bbox 237 1716 273 1752; x_wconf 87' lang='lat' dir='ltr'><strong>sed</strong></span> <span class='ocrx_word' id='word_1_266' title='bbox 284 1715 344 1755; x_wconf 84' lang='lat' dir='ltr'><strong>Wak.</strong></span> <span class='ocrx_word' id='word_1_267' title='bbox 357 1715 461 1766; x_wconf 88' lang='lat' dir='ltr'><strong>scriptura</strong></span> <span class='ocrx_word' id='word_1_268' title='bbox 470 1715 615 1767; x_wconf 85' lang='lat' dir='ltr'><strong>praeferenda.</strong></span> <span class='ocrx_word' id='word_1_269' title='bbox 644 1717 742 1753; x_wconf 84' lang='lat' dir='ltr'><strong>Ceterum</strong></span> <span class='ocrx_word' id='word_1_270' title='bbox 751 1716 812 1757; x_wconf 72' lang='lat' dir='ltr'><strong>Walt.</strong></span> 
     </span>
     <span class='ocr_line' id='line_1_32' title="bbox 88 1767 811 1820; baseline 0.004 -17"><span class='ocrx_word' id='word_1_271' title='bbox 88 1767 226 1804; x_wconf 83' lang='lat' dir='ltr'><strong>coniunctum</strong></span> <span class='ocrx_word' id='word_1_272' title='bbox 243 1767 289 1805; x_wconf 91' lang='lat' dir='ltr'><strong>vult</strong></span> <span class='ocrx_word' id='word_1_273' title='bbox 303 1770 389 1819; x_wconf 79' lang='lat' dir='ltr'><strong>paruolo</strong></span> <span class='ocrx_word' id='word_1_274' title='bbox 402 1771 498 1820; x_wconf 77' lang='lat' dir='ltr'><strong>pumilio,</strong></span> <span class='ocrx_word' id='word_1_275' title='bbox 512 1769 526 1805; x_wconf 84' lang='lat' dir='ltr'><strong>i.</strong></span> <span class='ocrx_word' id='word_1_276' title='bbox 538 1782 555 1808; x_wconf 91' lang='lat' dir='ltr'><strong>e.</strong></span> <span class='ocrx_word' id='word_1_277' title='bbox 571 1767 692 1818; x_wconf 84' lang='lat' dir='ltr'><strong>parvissima</strong></span> <span class='ocrx_word' id='word_1_278' title='bbox 709 1770 811 1818; x_wconf 88' lang='lat' dir='ltr'><strong>omnium,</strong></span> 
     </span>
     <span class='ocr_line' id='line_1_33' title="bbox 88 1817 813 1873; baseline 0.004 -18"><span class='ocrx_word' id='word_1_279' title='bbox 88 1817 141 1856; x_wconf 82' lang='lat' dir='ltr'><strong>adeo</strong></span> <span class='ocrx_word' id='word_1_280' title='bbox 157 1831 222 1868; x_wconf 87' lang='lat' dir='ltr'><strong>parva</strong></span> <span class='ocrx_word' id='word_1_281' title='bbox 228 1818 312 1873; x_wconf 15' lang='lat' dir='ltr'><strong>‚tutrsit</strong></span> <span class='ocrx_word' id='word_1_282' title='bbox 328 1818 392 1857; x_wconf 88' lang='lat' dir='ltr'><strong>etiam</strong></span> <span class='ocrx_word' id='word_1_283' title='bbox 407 1820 507 1869; x_wconf 67' lang='lat' dir='ltr'><strong>pumilio,</strong></span> <span class='ocrx_word' id='word_1_284' title='bbox 521 1820 573 1858; x_wconf 89' lang='lat' dir='ltr'><strong>mihi</strong></span> <span class='ocrx_word' id='word_1_285' title='bbox 583 1826 655 1858; x_wconf 85' lang='lat' dir='ltr'><strong>tamen</strong></span> <span class='ocrx_word' id='word_1_286' title='bbox 668 1820 742 1858; x_wconf 91' lang='lat' dir='ltr'><strong>melius</strong></span> <span class='ocrx_word' id='word_1_287' title='bbox 754 1820 813 1858; x_wconf 87' lang='lat' dir='ltr'><strong>vide-</strong></span> 
     </span>
     <span class='ocr_line' id='line_1_34' title="bbox 88 1868 811 1925; baseline 0.007 -19"><span class='ocrx_word' id='word_1_288' title='bbox 88 1868 156 1914; x_wconf 84' lang='lat' dir='ltr'><strong>hatur,</strong></span> <span class='ocrx_word' id='word_1_289' title='bbox 170 1876 278 1908; x_wconf 89' lang='lat' dir='ltr'><strong>commate</strong></span> <span class='ocrx_word' id='word_1_290' title='bbox 288 1877 336 1920; x_wconf 87' lang='lat' dir='ltr'><strong>post</strong></span> <span class='ocrx_word' id='word_1_291' title='bbox 342 1874 431 1924; x_wconf 79' lang='lat' dir='ltr'><strong>percolo</strong></span> <span class='ocrx_word' id='word_1_292' title='bbox 441 1872 546 1920; x_wconf 83' lang='lat' dir='ltr'><strong>restituto,</strong></span> <span class='ocrx_word' id='word_1_293' title='bbox 561 1872 633 1910; x_wconf 87' lang='lat' dir='ltr'><strong>locum</strong></span> <span class='ocrx_word' id='word_1_294' title='bbox 641 1871 671 1909; x_wconf 90' lang='lat' dir='ltr'><strong>sic</strong></span> <span class='ocrx_word' id='word_1_295' title='bbox 682 1872 811 1925; x_wconf 83' lang='lat' dir='ltr'><strong>intelligere:</strong></span> 
     </span>
     <span class='ocr_line' id='line_1_35' title="bbox 88 1920 812 1974; baseline 0.01 -18"><span class='ocrx_word' id='word_1_296' title='bbox 88 1920 188 1969; x_wconf 81' lang='lat' dir='ltr'><strong>Parvola,</strong></span> <span class='ocrx_word' id='word_1_297' title='bbox 203 1935 256 1974; x_wconf 89' lang='lat' dir='ltr'><strong>quae</strong></span> <span class='ocrx_word' id='word_1_298' title='bbox 273 1922 318 1960; x_wconf 90' lang='lat' dir='ltr'><strong>aliis</strong></span> <span class='ocrx_word' id='word_1_299' title='bbox 334 1923 424 1972; x_wconf 87' lang='lat' dir='ltr'><strong>pumilio</strong></span> <span class='ocrx_word' id='word_1_300' title='bbox 440 1925 557 1972; x_wconf 86' lang='lat' dir='ltr'><strong>diceretur,</strong></span> <span class='ocrx_word' id='word_1_301' title='bbox 570 1924 609 1974; x_wconf 87' lang='lat' dir='ltr'><strong>ipsi</strong></span> <span class='ocrx_word' id='word_1_302' title='bbox 624 1925 704 1962; x_wconf 86' lang='lat' dir='ltr'><strong>amanti</strong></span> <span class='ocrx_word' id='word_1_303' title='bbox 721 1931 752 1962; x_wconf 86' lang='lat' dir='ltr'><strong>est</strong></span> <span class='ocrx_word' id='word_1_304' title='bbox 769 1936 812 1963; x_wconf 80' lang='lat' dir='ltr'><strong>una</strong></span> 
     </span>
     <span class='ocr_line' id='line_1_36' title="bbox 89 1971 669 2027; baseline 0.007 -18"><span class='ocrx_word' id='word_1_305' title='bbox 89 1971 220 2022; x_wconf 71' lang='lat' dir='ltr'><strong>Gratiarum,</strong></span> <span class='ocrx_word' id='word_1_306' title='bbox 234 1975 295 2012; x_wconf 88' lang='lat' dir='ltr'><strong>aliter</strong></span> <span class='ocrx_word' id='word_1_307' title='bbox 308 1975 364 2012; x_wconf 84' lang='lat' dir='ltr'><strong>enim</strong></span> <span class='ocrx_word' id='word_1_308' title='bbox 375 1976 451 2014; x_wconf 91' lang='lat' dir='ltr'><strong>nimius</strong></span> <span class='ocrx_word' id='word_1_309' title='bbox 464 1983 518 2014; x_wconf 85' lang='lat' dir='ltr'><strong>esset</strong></span> <span class='ocrx_word' id='word_1_310' title='bbox 529 1975 669 2027; x_wconf 70' lang='lat' dir='ltr'><strong>pleonasmus}</strong></span> 
     </span>
    </p>

    <p class='ocr_par' dir='ltr' id='par_1_9' title="bbox 88 2025 812 2287">
     <span class='ocr_line' id='line_1_37' title="bbox 141 2025 812 2077; baseline 0.004 -14"><span class='ocrx_word' id='word_1_311' title='bbox 141 2025 199 2065; x_wconf 73' lang='grc'><strong>1162,</strong></span> <span class='ocrx_word' id='word_1_312' title='bbox 222 2025 302 2077; x_wconf 82' lang='grc' dir='ltr'><strong><em>Ἰσχνὸν</em></strong></span> <span class='ocrx_word' id='word_1_313' title='bbox 317 2025 429 2077; x_wconf 75' lang='grc' dir='ltr'><strong>ἐρωμένων</strong></span> <span class='ocrx_word' id='word_1_314' title='bbox 444 2029 533 2067; x_wconf 87' lang='lat' dir='ltr'><strong>editores</strong></span> <span class='ocrx_word' id='word_1_315' title='bbox 547 2034 647 2067; x_wconf 90' lang='lat' dir='ltr'><strong>eruerunt</strong></span> <span class='ocrx_word' id='word_1_316' title='bbox 660 2041 685 2066; x_wconf 83' lang='lat' dir='ltr'><strong>ex</strong></span> <span class='ocrx_word' id='word_1_317' title='bbox 694 2028 726 2066; x_wconf 79' lang='lat' dir='ltr'><strong>liis</strong></span> <span class='ocrx_word' id='word_1_318' title='bbox 737 2027 812 2066; x_wconf 81' lang='lat' dir='ltr'><strong>lectio·</strong></span> 
     </span>
     <span class='ocr_line' id='line_1_38' title="bbox 88 2074 812 2132; baseline 0.012 -21"><span class='ocrx_word' id='word_1_319' title='bbox 88 2074 163 2113; x_wconf 85' lang='lat' dir='ltr'><strong>nibus:</strong></span> <span class='ocrx_word' id='word_1_320' title='bbox 178 2077 223 2115; x_wconf 85' lang='lat' dir='ltr'><strong>Ald.</strong></span> <span class='ocrx_word' id='word_1_321' title='bbox 237 2081 256 2119; x_wconf 90' lang='lat'><strong>1.</strong></span> <span class='ocrx_word' id='word_1_322' title='bbox 265 2081 284 2119; x_wconf 75' lang='lat'><strong>2.</strong></span> <span class='ocrx_word' id='word_1_323' title='bbox 299 2082 348 2117; x_wconf 77' lang='lat' dir='ltr'><strong>Iton.</strong></span> <span class='ocrx_word' id='word_1_324' title='bbox 360 2081 415 2118; x_wconf 89' lang='lat' dir='ltr'><strong>lunt.</strong></span> <span class='ocrx_word' id='word_1_325' title='bbox 429 2078 518 2132; x_wconf 80' lang='grc' dir='ltr'><strong>Ἰσχνὸς,</strong></span> <span class='ocrx_word' id='word_1_326' title='bbox 533 2079 662 2132; x_wconf 76' lang='grc' dir='ltr'><strong><em>ἑρωμσὲνιον,</em></strong></span> <span class='ocrx_word' id='word_1_327' title='bbox 676 2080 733 2119; x_wconf 82' lang='lat' dir='ltr'><strong>Bodl.</strong></span> <span class='ocrx_word' id='word_1_328' title='bbox 750 2082 812 2120; x_wconf 76' lang='lat' dir='ltr'><strong>Jscli-</strong></span> 
     </span>
     <span class='ocr_line' id='line_1_39' title="bbox 89 2134 812 2178; baseline 0.01 -14"><span class='ocrx_word' id='word_1_329' title='bbox 89 2142 135 2165; x_wconf 85' lang='lat' dir='ltr'><strong>mon</strong></span> <span class='ocrx_word' id='word_1_330' title='bbox 147 2134 267 2178; x_wconf 79' lang='lat' dir='ltr'><strong>eromenion,</strong></span> <span class='ocrx_word' id='word_1_331' title='bbox 281 2136 329 2171; x_wconf 84' lang='lat' dir='ltr'><strong>Ver.</strong></span> <span class='ocrx_word' id='word_1_332' title='bbox 339 2134 390 2171; x_wconf 82' lang='lat' dir='ltr'><strong>Ven.</strong></span> <span class='ocrx_word' id='word_1_333' title='bbox 400 2136 496 2172; x_wconf 80' lang='lat' dir='ltr'><strong>Isclirnon</strong></span> <span class='ocrx_word' id='word_1_334' title='bbox 506 2138 626 2177; x_wconf 76' lang='lat' dir='ltr'><strong>eromenion,</strong></span> <span class='ocrx_word' id='word_1_335' title='bbox 640 2135 698 2169; x_wconf 83' lang='lat' dir='ltr'><strong>Cant.</strong></span> <span class='ocrx_word' id='word_1_336' title='bbox 710 2134 812 2171; x_wconf 84' lang='lat' dir='ltr'><strong>Isclinon·</strong></span> 
     </span>
     <span class='ocr_line' id='line_1_40' title="bbox 89 2182 810 2236; baseline 0.008 -21"><span class='ocrx_word' id='word_1_337' title='bbox 89 2182 209 2227; x_wconf 73' lang='lat' dir='ltr'><strong>eromenion,</strong></span> <span class='ocrx_word' id='word_1_338' title='bbox 216 2183 265 2221; x_wconf 88' lang='lat' dir='ltr'><strong>Brit.</strong></span> <span class='ocrx_word' id='word_1_339' title='bbox 272 2185 289 2222; x_wconf 88' lang='lat'><strong>1.</strong></span> <span class='ocrx_word' id='word_1_340' title='bbox 297 2187 524 2236; x_wconf 78' lang='lat' dir='ltr'><strong>Ieehynoneromenion.</strong></span> <span class='ocrx_word' id='word_1_341' title='bbox 538 2185 643 2235; x_wconf 79' lang='lat' dir='ltr'><strong>(Reliquos</strong></span> <span class='ocrx_word' id='word_1_342' title='bbox 651 2184 715 2223; x_wconf 88' lang='lat' dir='ltr'><strong>Codd.</strong></span> <span class='ocrx_word' id='word_1_343' title='bbox 721 2185 810 2230; x_wconf 75' lang='lat' dir='ltr'><strong>tacent.)</strong></span> 
     </span>
     <span class='ocr_line' id='line_1_41' title="bbox 89 2232 811 2287; baseline 0.007 -18"><span class='ocrx_word' id='word_1_344' title='bbox 89 2250 116 2259; x_wconf 86' lang='lat'><em>-</em></span> <span class='ocrx_word' id='word_1_345' title='bbox 129 2240 171 2278; x_wconf 69' lang='lat' dir='ltr'><strong>tum</strong></span> <span class='ocrx_word' id='word_1_346' title='bbox 177 2232 218 2281; x_wconf 82' lang='lat' dir='ltr'><strong>fit]</strong></span> <span class='ocrx_word' id='word_1_347' title='bbox 233 2234 279 2272; x_wconf 88' lang='lat' dir='ltr'><strong>Ald.</strong></span> <span class='ocrx_word' id='word_1_348' title='bbox 287 2237 304 2275; x_wconf 90' lang='lat'><strong>1.</strong></span> <span class='ocrx_word' id='word_1_349' title='bbox 319 2238 368 2275; x_wconf 84' lang='lat' dir='ltr'><strong>Bon.</strong></span> <span class='ocrx_word' id='word_1_350' title='bbox 380 2248 423 2276; x_wconf 84' lang='lat' dir='ltr'><strong>tum</strong></span> <span class='ocrx_word' id='word_1_351' title='bbox 434 2241 468 2282; x_wconf 79' lang='lat' dir='ltr'><strong>sit,</strong></span> <span class='ocrx_word' id='word_1_352' title='bbox 479 2239 536 2274; x_wconf 89' lang='lat' dir='ltr'><strong>Cant.</strong></span> <span class='ocrx_word' id='word_1_353' title='bbox 548 2239 632 2287; x_wconf 79' lang='lat' dir='ltr'><strong>cnrn&#39;fit.</strong></span> <span class='ocrx_word' id='word_1_354' title='bbox 653 2237 679 2274; x_wconf 90' lang='lat' dir='ltr'><strong>In</strong></span> <span class='ocrx_word' id='word_1_355' title='bbox 690 2236 738 2277; x_wconf 77' lang='lat' dir='ltr'><strong>orit.</strong></span> <span class='ocrx_word' id='word_1_356' title='bbox 745 2238 763 2276; x_wconf 85' lang='lat'><strong>3.</strong></span> <span class='ocrx_word' id='word_1_357' title='bbox 774 2248 811 2274; x_wconf 88' lang='lat' dir='ltr'><strong>vo·</strong></span> 
     </span>
    </p>
   </div>
   <div class='ocr_carea' id='block_1_3' title="bbox 89 2277 810 2548">
    <p class='ocr_par' dir='ltr' id='par_1_10' title="bbox 90 2277 754 2341">
     <span class='ocr_line' id='line_1_42' title="bbox 90 2277 754 2341; baseline 0.014 -24"><span class='ocrx_word' id='word_1_358' title='bbox 90 2292 124 2318; x_wconf 87' lang='lat' dir='ltr'><strong>ces</strong></span> <span class='ocrx_word' id='word_1_359' title='bbox 135 2277 236 2341; x_wconf 48' lang='lat' dir='ltr'><strong>’sfidlslv</strong></span> <span class='ocrx_word' id='word_1_360' title='bbox 251 2285 404 2337; x_wconf 73' lang='grc' dir='ltr'><strong><em>ἐρωμένων</em></strong></span> <span class='ocrx_word' id='word_1_361' title='bbox 417 2300 459 2327; x_wconf 81' lang='lat' dir='ltr'><strong>tum</strong></span> <span class='ocrx_word' id='word_1_362' title='bbox 467 2291 496 2339; x_wconf 82' lang='lat' dir='ltr'><strong>fit</strong></span> <span class='ocrx_word' id='word_1_363' title='bbox 507 2302 591 2339; x_wconf 85' lang='lat' dir='ltr'><strong>prorsus</strong></span> <span class='ocrx_word' id='word_1_364' title='bbox 604 2287 754 2327; x_wconf 87' lang='lat' dir='ltr'><strong>desiderantur.</strong></span> 
     </span>
    </p>

    <p class='ocr_par' dir='ltr' id='par_1_11' title="bbox 89 2334 810 2548">
     <span class='ocr_line' id='line_1_43' title="bbox 105 2334 809 2394; baseline 0.014 -23"><span class='ocrx_word' id='word_1_365' title='bbox 105 2381 109 2390; x_wconf 43' lang='grc' dir='ltr'>Ι</span> <span class='ocrx_word' id='word_1_366' title='bbox 141 2334 198 2392; x_wconf 61' lang='grc'><strong>1161.</strong></span> <span class='ocrx_word' id='word_1_367' title='bbox 215 2337 301 2394; x_wconf 62' lang='grc' dir='ltr'><strong>Ινενεωε</strong></span> <span class='ocrx_word' id='word_1_368' title='bbox 311 2353 323 2378; x_wconf 87' lang='lat' dir='ltr'><strong>a</strong></span> <span class='ocrx_word' id='word_1_369' title='bbox 334 2340 425 2378; x_wconf 88' lang='lat' dir='ltr'><strong>librariis</strong></span> <span class='ocrx_word' id='word_1_370' title='bbox 434 2340 510 2378; x_wconf 78' lang='lat' dir='ltr'><strong>misere</strong></span> <span class='ocrx_word' id='word_1_371' title='bbox 520 2347 610 2380; x_wconf 79' lang='lat' dir='ltr'><strong>vexatus.</strong></span> <span class='ocrx_word' id='word_1_372' title='bbox 627 2344 713 2380; x_wconf 83' lang='lat' dir='ltr'><strong>Gemino</strong></span> <span class='ocrx_word' id='word_1_373' title='bbox 721 2352 741 2379; x_wconf 83' lang='lat' dir='ltr'><strong>et</strong></span> <span class='ocrx_word' id='word_1_374' title='bbox 752 2350 809 2391; x_wconf 74' lang='lat' dir='ltr'><strong>egre-</strong></span> 
     </span>
     <span class='ocr_line' id='line_1_44' title="bbox 89 2391 810 2443; baseline 0.011 -25"><span class='ocrx_word' id='word_1_375' title='bbox 89 2395 122 2432; x_wconf 81' lang='lat' dir='ltr'><strong>gie</strong></span> <span class='ocrx_word' id='word_1_376' title='bbox 138 2391 229 2422; x_wconf 79' lang='lat' dir='ltr'><strong>restituit</strong></span> <span class='ocrx_word' id='word_1_377' title='bbox 245 2392 354 2429; x_wconf 83' lang='lat' dir='ltr'><strong>Turnebus</strong></span> <span class='ocrx_word' id='word_1_378' title='bbox 372 2393 435 2433; x_wconf 84' lang='lat' dir='ltr'><strong>Advv.</strong></span> <span class='ocrx_word' id='word_1_379' title='bbox 452 2396 541 2442; x_wconf 87' lang='lat' dir='ltr'><strong>XXVII,</strong></span> <span class='ocrx_word' id='word_1_380' title='bbox 556 2394 599 2442; x_wconf 87' lang='lat'><strong>35.‚</strong></span> <span class='ocrx_word' id='word_1_381' title='bbox 621 2406 683 2443; x_wconf 84' lang='lat' dir='ltr'><strong>quam</strong></span> <span class='ocrx_word' id='word_1_382' title='bbox 697 2391 810 2429; x_wconf 85' lang='lat' dir='ltr'><strong>lectionem</strong></span> 
     </span>
     <span class='ocr_line' id='line_1_45' title="bbox 89 2433 810 2497; baseline 0.017 -27"><span class='ocrx_word' id='word_1_383' title='bbox 89 2433 149 2492; x_wconf 77' lang='lat' dir='ltr'><strong>Wak.</strong></span> <span class='ocrx_word' id='word_1_384' title='bbox 161 2437 209 2475; x_wconf 89' lang='lat' dir='ltr'><strong>Cod.</strong></span> <span class='ocrx_word' id='word_1_385' title='bbox 221 2440 296 2479; x_wconf 59' lang='lat' dir='ltr'><strong>Brito.</strong></span> <span class='ocrx_word' id='word_1_386' title='bbox 311 2445 471 2493; x_wconf 79' lang='lat' dir='ltr'><strong>comprobatam</strong></span> <span class='ocrx_word' id='word_1_387' title='bbox 480 2445 539 2483; x_wconf 88' lang='lat' dir='ltr'><strong>vidit.</strong></span> <span class='ocrx_word' id='word_1_388' title='bbox 552 2446 668 2497; x_wconf 74' lang='lat' dir='ltr'><strong>Lugd.1.2.</strong></span> <span class='ocrx_word' id='word_1_389' title='bbox 678 2443 738 2482; x_wconf 86' lang='lat' dir='ltr'><strong>Vind.</strong></span> <span class='ocrx_word' id='word_1_390' title='bbox 749 2444 810 2482; x_wconf 89' lang='lat' dir='ltr'><strong>Poor.</strong></span> 
     </span>
     <span class='ocr_line' id='line_1_46' title="bbox 89 2485 810 2548; baseline 0.015 -25"><span class='ocrx_word' id='word_1_391' title='bbox 89 2485 141 2524; x_wconf 82' lang='lat' dir='ltr'><strong>Brit.</strong></span> <span class='ocrx_word' id='word_1_392' title='bbox 152 2487 171 2527; x_wconf 85' lang='lat'><strong>3.</strong></span> <span class='ocrx_word' id='word_1_393' title='bbox 186 2489 244 2529; x_wconf 82' lang='lat' dir='ltr'><strong>Cant.</strong></span> <span class='ocrx_word' id='word_1_394' title='bbox 256 2491 309 2532; x_wconf 78' lang='lat' dir='ltr'><strong>Briir.</strong></span> <span class='ocrx_word' id='word_1_395' title='bbox 321 2498 401 2536; x_wconf 74' lang='lat' dir='ltr'><strong>iamina</strong></span> <span class='ocrx_word' id='word_1_396' title='bbox 410 2509 441 2548; x_wconf 75' lang='lat' dir='ltr'><strong>et,</strong></span> <span class='ocrx_word' id='word_1_397' title='bbox 456 2498 506 2540; x_wconf 82' lang='lat' dir='ltr'><strong>Brit.</strong></span> <span class='ocrx_word' id='word_1_398' title='bbox 518 2499 536 2539; x_wconf 85' lang='lat'><strong>1.</strong></span> <span class='ocrx_word' id='word_1_399' title='bbox 548 2501 623 2538; x_wconf 79' lang='lat' dir='ltr'><strong>iconnzo</strong></span> <span class='ocrx_word' id='word_1_400' title='bbox 636 2508 667 2546; x_wconf 84' lang='lat' dir='ltr'><strong>et,</strong></span> <span class='ocrx_word' id='word_1_401' title='bbox 681 2494 738 2533; x_wconf 87' lang='lat' dir='ltr'><strong>Bodl.</strong></span> <span class='ocrx_word' id='word_1_402' title='bbox 748 2495 810 2534; x_wconf 87' lang='lat' dir='ltr'><strong>lomi-</strong></span> 
     </span>
    </p>
   </div>
   <div class='ocr_carea' id='block_1_4' title="bbox 584 2548 662 2594">
    <p class='ocr_par' dir='ltr' id='par_1_12' title="bbox 584 2548 662 2594">
     <span class='ocr_line' id='line_1_47' title="bbox 584 2548 662 2594; baseline -0.026 0"><span class='ocrx_word' id='word_1_403' title='bbox 584 2556 624 2594; x_wconf 61' lang='lat' dir='ltr'><strong>tili</strong></span> <span class='ocrx_word' id='word_1_404' title='bbox 640 2548 662 2592; x_wconf 78' lang='lat'><strong>2&#39;</strong></span> 
     </span>
    </p>
   </div>
   <div class='ocr_carea' id='block_1_5' title="bbox 0 0 850 2654">
    <p class='ocr_par' dir='ltr' id='par_1_13' title="bbox 0 0 850 2654">
     <span class='ocr_line' id='line_1_48' title="bbox 0 0 850 2654; baseline 0 0"><span class='ocrx_word' id='word_1_405' title='bbox 0 0 850 2654; x_wconf 95' lang='lat' dir='ltr'><strong> </strong></span> 
     </span>
    </p>
   </div>
  </div>
 </body>
</html>
