1690 2654
206 376 609 429 ANNOTATIONES

347 514 430 564 ¹nli

142 653 341 700 LIBRUM
382 652 676 700 SECUNDUM.

329 797 482 807 --—-.—

46 920 58 932 ²
100 911 119 949 1.
146 908 215 946 Verba
230 910 297 947 Sunue
313 909 365 947 mari
378 921 451 958 magno
467 906 528 945 affert
542 908 597 944 Serv.
608 907 635 946 ad
644 907 702 958 Virg.
713 911 764 948 Aen.

16 969 18 971 '
48 963 74 1010 V,
85 963 130 1002 623.
143 958 258 997 Markland.
274 957 300 996 ad
315 958 404 996 Statium
413 971 433 1008 p.
445 956 489 998 144.
505 958 550 996 sine
564 971 626 997 causa
637 959 691 998 coni.
701 963 765 999 merie

47 1017 130 1065 magni,
144 1010 220 1049 Orellio
229 1010 345 1059 referente,
360 1010 396 1061 qui
406 1023 426 1049 v.
439 1011 457 1048 1.
467 1032 487 1038 -
497 1012 528 1050 62.
545 1010 607 1049 huius
621 1010 672 1050 libri
683 1012 765 1062 recepit

31 1063 165 1114 —inEclngas
177 1074 223 1100 suas
234 1074 255 1111 p.
266 1063 285 1101 9.
298 1073 323 1101 ss.
601 1065 607 1071 ·

70 1150 75 1153 „
98 1116 161 1162 Vs,2.
187 1114 293 1163 integrum
307 1111 371 1149 habet
383 1110 462 1149 Nonius
478 1113 517 1159 IV,
531 1111 676 1165 441.(p.1711.
685 1112 764 1162 Goth.)

46 1166 116 1214 Walr.⁵
127 1164 201 1204 eadem
208 1176 261 1202 voce
271 1163 341 1201 statim
353 1170 476 1201 recurrente
491 1163 593 1213 offensus,
613 1177 652 1215 pro
668 1180 764 1218 magnum

48 1217 102 1257 coni.
116 1227 207 1262 uastum,
221 1222 307 1255 temere.
334 1214 478 1266 Aperteenim
489 1215 546 1266 Virg.
559 1218 609 1254 Geo.
624 1217 642 1266 I,
658 1218 713 1269 158„
728 1218 765 1269 qui

46 1267 106 1309 Iocus
117 1267 178 1308 Wak.
190 1279 234 1304 non
246 1266 307 1317 sugit,
321 1266 481 1305 hunc'Lucretii
491 1272 574 1305 tersum
585 1269 681 1319 respexit.

99 1322 118 1360 3.
146 1322 279 1373 quemquam]
296 1319 350 1356 Edit.
361 1317 417 1356 Brix.
434 1319 480 1357 Ver.
490 1319 593 1356 Ven.Ald.
609 1322 627 1358 1.
642 1323 762 1373 quempiam.

47 1393 73 1401 -
85 1374 186 1418 iocunde]
205 1371 235 1408 sic
251 1366 354 1421 ἀρχαϊκῶς
367 1368 429 1412 Vind.
442 1370 503 1408 Poor.
518 1371 567 1412 Brit.
583 1372 630 1411 1-2.
641 1373 660 1412 3.
677 1377 698 1410 et
714 1373 762 1413 Ver.
798 1377 801 1396 .

21 1433 22 1444 ³
46 1422 244 1462 Ventidium.
573 1417 578 1429 ⁸

98 1476 141 1513 Vss.
152 1475 172 1514 5.
182 1480 202 1511 et
213 1476 231 1514 6.
259 1472 300 1510 hoc
318 1471 400 1519 ordine,
417 1473 525 1522 quem‘nos
537 1484 586 1510 cum
595 1472 656 1513 Wak.
671 1474 762 1512 retinui-

46 1538 104 1572 mus,
117 1526 217 1577 leguntur
226 1525 248 1562 in
262 1524 356 1562 omnihus
371 1523 434 1562 Godd.
452 1530 473 1561 et
486 1530 536 1564 vett.
552 1524 610 1563 editt.
620 1531 705 1575 praeter
715 1526 761 1565 Ald.

48 1579 67 1617 1.
79 1583 100 1615 et
113 1579 161 1616 Bon.
182 1578 246 1624 (Brix.
260 1576 323 1621 enim,
336 1575 387 1613 licet
399 1575 487 1613 Gerard.
500 1582 580 1623 taceat,
596 1579 665 1616 aVer.
678 1583 699 1615 et
709 1579 761 1619 Veri.

46 1641 90 1667 non
102 1625 210 1666 dis'sentire
219 1628 287 1679 puto).
306 1628 356 1665 Hav.
369 1638 417 1665 cum
426 1626 545 1679 vulgaribus
556 1627 616 1666 editt.
629 1627 713 1668 inverso
725 1642 763 1675 or-

47 1679 101 1725 dine,
115 1681 141 1717 ad
154 1679 314 1732 intelligentiam
323 1679 435 1729 lectorum,
443 1679 534 1717 Lucretii
542 1679 762 1733 ,rationemjbgnoranr

46 1732 106 1779 tium,
118 1731 190 1782 ntique
202 1731 289 1770 facilius.
735 1736 743 1764 ἰ

80 1811 83 1813 -
98 1785 130 1823 12.
156 1783 216 1822 Wak:
231 1796 279 1820 cum
294 1781 417 1833 quibusdam
429 1780 460 1831 Pii
476 1782 539 1820 Godd.
555 1781 761 1835 mavultperatunte.

46 1834 93 1873 Non
103 1834 214 1882 assentior5
232 1841 253 1872 et
265 1834 325 1873 Wak.
337 1833 381 1883 ipse
390 1846 432 1871 non
444 1833 513 1870 solum
524 1833 558 1871 hic
568 1835 632 1871 verba
646 1834 685 1872 Cic.
699 1837 761 1874 Tns'c.

46 1887 63 1931 Ι,
77 1887 109 1926 10.
119 1898 229 1938 praestans
239 1888 360 1939 diligentia,
375 1883 487 1922 sedetiam
502 1884 529 1921 ad
543 1885 603 1923 Lucr.
616 1886 651 1931 ΙΙΙ,
668 1887 711 1935 62„
724 1886 761 1924 ubi

28 1959 30 1962 -
46 1935 103 1974 hunc
112 1943 208 1975 nostrum
218 1950 301 1975 versum
314 1948 362 1975 cum
373 1935 476 1986 sequentis
487 1934 573 1972 dimidio
586 1936 699 1986 repetitum
708 1937 761 1988 legi-

46 1999 100 2036 mus,
113 1988 165 2029 Plin.
175 1990 200 2028 H.
212 1991 238 2029 N.
247 1991 284 2039 XI,
294 1990 325 2029 19.
335 1987 397 2025 affert
406 1986 544 2025 scribentem:
557 1991 612 2039 Apes
620 2008 646 2015 —
654 2010 681 2017 -
692 1989 761 2029 labore

43 2049 180 2093 praestanter.
435 2064 439 2070 ι
523 2045 524 2049 ’

71 2116 78 2128 .
98 2092 142 2140 Vsa.
152 2090 242 2134 14-16.
261 2090 401 2139 Lactantiusl,
408 2091 439 2131 21.
450 2089 486 2129 fin.
495 2087 525 2127 ita
532 2088 612 2138 laudat,
626 2095 650 2127 nt
658 2089 761 2130 memoria

47 2140 145 2190 deceptus
157 2146 232 2184 stultas¹
242 2158 281 2195 pro
293 2148 377 2184 miseras
391 2141 497 2187 exhibeam
509 2147 530 2178 et
538 2148 558 2181 v.'
569 2143 601 2180 16.
615 2142 687 2192 prio-ra
696 2143 761 2182 verba

21 2215 28 2219 ·
46 2193 214 2240 NoniuslV,117.
224 2197 254 2234 sic
265 2196 339 2235 affert:
352 2193 497 2246 Degimus'lioc
507 2196 554 2232 aevi
565 2195 635 2245 quode.
646 2205 684 2236 eat.
693 2215 718 2223 ·-
728 2198 760 2235 ui-

46 2246 93 2282 dere
102 2244 139 2293 ese]
152 2246 182 2281 sic
192 2254 276 2295 praeter
281 2247 310 2286 Pii
321 2246 386 2285 Godd.
394 2251 415 2282 et
428 2245 488 2282 Cant.
501 2244 631 2292 etiamtum„
643 2258 707 2297 quare
717 2259 760 2285 non

47 2295 150 2341 dubitavi,
164 2296 218 2336 lianc
230 2299 379 2351 elegantiorem
387 2296 512 2345 scripturam
523 2307 571 2333 cum
587 2295 647 2334 Walr.
657 2297 758 2348 recipere,

47 2357 111 2395 quum
123 2353 203 2383 constet
216 2349 315 2388 voculam
330 2362 360 2388 est
375 2348 397 2385 in
407 2348 449 2385 fine
458 2348 555 2392 versuum
566 2347 684 2397 saepissime
697 2349 758 2387 omis-

46 2409 91 2434 sam
102 2408 151 2434 esse.
180 2401 254 2439 Videre
265 2400 387 2451 simpliciter
396 2398 497 2449 praebent
505 2398 571 2448 Lugd.
582 2399 600 2436 1.
610 2400 629 2437 2.
640 2400 706 2447 Gott.;
724 2411 759 2437 ce-

45 2448 88 2486 teri
99 2454 169 2486 autem
180 2449 246 2492 Godd.
257 2458 278 2491 et
292 2465 364 2491 omnes
379 2451 438 2490 editt.
448 2456 498 2490 vett.
511 2455 594 2502 praeter
610 2453 663 2492 lunt.
670 2453 756 2491 uidetis.

76 2518 194 2546 incuratus.
581 2506 601 2543 U
