1690 2654
235 85 276 126 AD
292 84 424 125 LIBRUM
441 83 586 125 SEXTUM.
723 82 772 128 561

54 196 115 239 simul
126 195 271 234 coniecturam
280 206 400 246 proponens
414 196 511 235 moeroris
521 195 544 233 id
554 193 633 241 urbem,
648 206 713 245 quam
723 205 771 232 me-

3 257 4 261 ’
54 252 93 290 iius
106 249 210 288 tacuisset.

106 303 161 340 1260.
186 300 259 353 parte]
274 298 304 336 sic
314 297 375 337 Wak.
385 311 409 336 ex
420 297 517 335 omnihus
527 296 585 335 libris
595 298 710 337 revocavit.
730 300 772 337 Au·

54 361 88 393 tea
97 353 159 401 vulgo
167 355 227 404 parti
235 351 355 402 legebatur,
370 363 394 388 en
403 350 506 387 editorum
519 348 614 388 arbitrio.

107 406 162 444 1261.
190 407 303 442 condebant
317 403 375 440 idem
383 402 444 441 Wak.
456 415 481 439 ex
490 401 587 438 omnihus
602 401 660 440 libris
671 401 770 450 restituit,

56 458 116 508 (nam
125 455 185 492 unius
198 456 246 492 Cod.
255 455 339 502 Lamb.,
353 455 419 506 Lugd.
428 456 447 492 Q.
458 460 479 490 et
489 453 564 505 fragm.
575 453 635 491 Vind.
650 456 771 493 condiebant
817 497 823 507 ,

54 510 111 548 varia
120 507 182 544 lectio
192 506 225 542 vix
238 505 378 552 dioi‘potest).
408 508 452 543 Una
463 508 530 552 lunt,
544 508 655 558 complebat
663 507 768 554 exhibens,

54 562 110 600 iavet
121 558 277 609 quodammodo
286 556 383 594 Lambini
398 556 532 594 coniecturae
547 561 681 609 complebant,
696 570 769 595 omnes

55 613 112 650 editt.
119 610 213 662 vulgares
221 609 340 659 occupanti,
348 615 369 646 et
376 609 473 646 Meistero
484 621 567 659 qnoque
576 610 684 659 probatae.
699 612 726 649 W
727 610 769 660 ak,

6 677 9 687 ²
55 664 90 714 qui
107 675 189 700 comma
199 661 269 711 posuit
280 668 329 710 post
338 673 408 713 parte,
426 662 490 698 verba
503 664 565 712 Copia
574 664 712 712 agricolarum
723 677 771 700 con-

11 719 14 722 “
54 718 127 755 debant
138 715 183 752 loca
198 724 293 765 tectaque
305 725 342 763 per
357 711 497 751 inversionem
514 712 622 762 poeticam
636 713 693 752 dicta
709 719 771 764 putat

53 779 92 818 pro
107 768 151 817 locu
161 775 255 818 tactuque
272 765 385 817 condebant
399 768 478 816 capium
488 767 636 816 agricolarum
655 765 713 816 quod
728 765 770 802 du-

9 819 12 829 '
53 819 95 856 rins
107 817 194 855 videtur.
222 816 295 854 Melius
306 816 383 855 Eichst.
396 817 479 865 (Nobi).
490 817 565 864 Oreil.)
583 824 630 866 post
643 830 705 870 purte
716 830 770 867 pun-

55 876 111 908 ctum
123 867 222 917 servavit,
240 875 265 905 ut
276 870 321 907 loca
333 879 427 920 tectaque
437 869 554 906 subiectum
572 868 664 907 efficiant
680 882 770 920 sequen-

8 958 10 960 ,
53 922 79 959 tis
90 919 209 969 sententiae,
224 919 246 957 in
258 932 298 970 qua
310 932 426 969 pronomen
438 936 483 959 eoru
493 920 620 971 cogitatione
629 921 770 971 supplendum

54 978 90 1010 est.
103 993 127 1000 —
140 972 246 1024 tectaque]
261 972 322 1011 Vind.
335 974 394 1011 Poor.
407 972 482 1011 erint.
494 974 514 1012 3.
527 974 571 1011 Ver.
584 974 635 1012 Ven.
648 985 709 1020 tectu,
722 972 769 1013 ald.

54 1026 71 1064 1.
83 1027 132 1061 Bon.
147 1025 202 1061 Iunt.
218 1027 284 1063 tectis.
298 1028 389 1076 -pu01
408 1024 468 1061 Viud.
485 1024 534 1062 Brit.
545 1026 564 1063 3.
581 1025 636 1062 Brir.
655 1026 704 1064 Ver.
716 1026 769 1062 Ven,

54 1091 136 1128 quoque,
151 1076 211 1114 Poor.
224 1092 302 1128 quoque
312 1087 338 1115 et.
366 1075 426 1126 Apud
436 1077 509 1125 wan,
522 1075 578 1113 haud
590 1075 653 1113 dubie
663 1089 701 1126 per
711 1089 769 1114 erro-

7 1169 8 1177 ,
53 1139 98 1164 rem
108 1127 288 1178 typographicam,
297 1127 386 1178 legimus
397 1130 455 1180 qrrod.
470 1149 496 1155 -
510 1140 567 1166 aestu
579 1127 623 1165 sola
632 1129 769 1179 Iuntsuppe·

54 1177 112 1222 ditat,
128 1190 189 1227 quam
198 1185 270 1216 tamen
279 1179 399 1227 lectionem,
414 1192 427 1215 a
438 1180 548 1228 Rntgersio
558 1181 616 1217 Varr.
624 1182 690 1218 Lectt.
703 1182 736 1226 IV,
749 1181 768 1220 1.

52 1230 173 1279 probatam,
191 1236 212 1267 et
222 1232 248 1268 ah
260 1233 310 1269 Han.
322 1230 398 1269 Eichst.
409 1236 430 1268 et
440 1231 502 1270 Orell.
515 1237 633 1280 receptam,
647 1231 674 1268 ob
687 1243 769 1269 versum

52 1288 172 1332 sequentem
183 1295 225 1319 non
233 1283 372 1332 spernendam
379 1282 434 1320 duxi.
449 1282 505 1320 nodi.
516 1294 593 1322 aestum
600 1297 606 1328 ,⁴
620 1283 685 1321 ceteri
696 1295 768 1321 omnes

1 1345 4 1376 J
54 1344 126 1380 aestus,
140 1334 197 1383 quod
207 1335 267 1374 Wak.
279 1341 299 1372 et
309 1336 375 1376 unuh.
386 1341 518 1385 receperunt.
545 1335 645 1386 Volgares
657 1335 715 1376 editt.
729 1350 768 1388 quo

53 1399 111 1437 mage
121 1400 154 1422 eos
164 1398 212 1435 rum,
227 1400 238 1425 e
249 1389 356 1437 superflua
367 1388 463 1425 Lambini
473 1386 601 1425 coniectura.

103 1437 159 1475 1262.
188 1440 294 1490 Consertae
307 1440 349 1490 ira]
368 1441 398 1477 sic
408 1453 480 1477 omnes
494 1439 543 1477 iibri
554 1445 636 1490 praeter
647 1439 695 1478 Ver.
708 1440 768 1489 Ven,

54 1487 147 1541 Conferte
158 1492 211 1534 situ,
227 1497 248 1528 et
258 1491 302 1529 Ald.
316 1496 334 1531 1.
347 1494 408 1540 Bon,
423 1493 515 1540 insertos
528 1495 558 1530 ita
571 1491 707 1541 praebentes,
727 1503 768 1530 nec

53 1537 123 1585 video,
137 1552 174 1577 cur
186 1542 211 1578 ab
224 1542 263 1580 hac
273 1543 375 1592 tectione,
396 1544 485 1593 vulgaris
496 1544 538 1580 iam
551 1544 609 1580 editt.
621 1544 720 1594 probata,
733 1556 768 1580 re-

8 1616 11 1620 *
53 1589 155 1638 cedamus,
170 1606 241 1642 quum,
255 1595 346 1633 lectione
359 1609 417 1635 aestu
427 1598 449 1632 in
460 1594 525 1646 priori
536 1608 595 1632 versu
605 1602 702 1641 assumta,
715 1594 768 1645 opti-

5 1682 7 1684 ,
52 1651 110 1679 mum
122 1642 178 1682 huuc
188 1658 271 1684 sensnm
282 1647 371 1686 habeat:
386 1648 474 1697 Rustici,
482 1646 574 1698 undique
582 1660 606 1685 ex
615 1648 669 1698 agris
680 1648 769 1685 affluen-

52 1698 90 1739 tes,
105 1707 176 1733 omnes
187 1698 271 1747 plateas,
286 1713 357 1737 omnes
368 1701 449 1749 domus,
463 1699 533 1738 omnia
545 1699 634 1750 deniqne
646 1700 693 1737 loca
707 1712 769 1736 com-

9 1794 10 1797 *
52 1743 149 1795 plebani,
169 1749 232 1786 utsio
247 1751 270 1787 in
283 1752 431 1789 unumlocum
445 1758 583 1803 congregatos
595 1759 615 1789 et
631 1752 768 1802 conglobatos

6 1824 8 1830 ,
52 1807 108 1853 mors
123 1805 180 1837 aestu
191 1799 240 1840 inde
252 1810 335 1852 exorto,
356 1810 429 1854 utpote
445 1804 592 1855 contagionem
608 1803 669 1841 latius
681 1809 702 1841 et
715 1802 769 1840 faci-

4 1890 8 1903 ,
52 1845 90 1906 hu?
105 1859 246 1903 propagante,
260 1868 298 1905 per
313 1869 399 1894 acervos
411 1863 520 1894 mactaret.
549 1858 598 1893 Hav.
616 1868 664 1893 cum
679 1853 768 1906 vulgatis

54 1899 175 1945 quibusdam
194 1905 263 1953 editt,
285 1908 321 1944 sed
341 1909 384 1945 sine
401 1908 460 1945 libris
483 1907 576 1957 scriptiS,
600 1908 706 1951 Confectus
729 1909 767 1944 ito.

52 1948 112 1988 Wak.
130 1954 205 2002 (quem
216 1958 283 1995 Nohb.
298 1960 410 2009 sequitur,)
426 1973 474 1997 cum
493 1960 540 1997 Ver.
551 1960 602 1995 Van.
619 1957 684 1995 edidit
701 1957 769 1997 aeuus

55 2002 147 2062 Confertp
159 2010 211 2053 ritu,
230 2023 293 2059 qnam
305 2017 377 2049 tamen
389 2011 513 2062 scripturam
530 2009 644 2047 admodum
657 2009 768 2047 obscurem

54 2056 76 2086 et
87 2055 211 2103 lmphcitarn
224 2064 342 2100 accuratius
357 2064 460 2113 explicere
477 2063 517 2112 ipsi
532 2075 572 2099 non
585 2061 672 2112 placuit.
699 2064 769 2108 Quum

53 2106 122 2141 tamen
132 2121 201 2147 aestus
212 2114 303 2159 positum
314 2116 364 2152 velit
375 2118 526 2165 pronominum
536 2119 680 2159 aestuantium,
696 2114 769 2151 locum

16 2211 17 2214 Ἴ
52 2150 107 2192 haud
118 2157 179 2197 drrbie
189 2161 218 2198 sic
229 2164 341 2204 intellexit:
355 2170 418 2206 durch
428 2170 465 2205 dur
477 2168 705 2218 zusammengedrr'ingte
716 2167 767 2204 Lie-

16 2225 18 2227 ·
53 2217 96 2264 gen
108 2210 142 2246 der
157 2214 286 2263 Glulzenden3
306 2218 363 2270 quod
379 2225 451 2256 tamen
466 2218 601 2255 vehementer
616 2217 688 2254 dubito
701 2215 767 2254 ansic

14 2287 16 2290 <
52 2255 124 2319 Lflfflte
135 2263 222 2312 exprimi
232 2270 303 2316 possit.
330 2270 405 2312 Eichst,
416 2278 446 2320 (et
456 2269 527 2316 Orell.)
540 2269 604 2306 edidit
614 2284 672 2308 oesru
685 2268 767 2319 Conser-

54 2315 84 2346 t⁰⁸
96 2322 149 2359 rctu,
170 2315 226 2354 haud
242 2320 304 2358 dubie
315 2323 397 2361 Livium
408 2323 533 2372 respiciens,
548 2324 575 2359 tii
582 2350 587 2369 ‚
599 2324 616 2361 6.
630 2321 766 2359 scribentem:

53 2360 85 2416 Ea
102 2364 192 2405 conluuio
207 2372 316 2413 mixtorum
331 2378 394 2414 omnic
410 2378 491 2428 generis
507 2376 652 2419 animantium,
671 2383 692 2411 et
707 2373 766 2410 odore

54 2413 133 2474 χωρίζω.
147 2419 245 2477 .¹.‘'²'‘²⁷²⁰³’
260 2436 280 2463 ει
292 2439 393 2480 agrestem
409 2428 522 2480 confertum
532 2430 554 2466 in
568 2437 616 2465 artu
627 2434 694 2474 tecm,
707 2432 766 2462 aestu

54 2473 78 2498 ac
89 2466 167 2516 angulus
177 2476 273 2526 angebat.
