<?xml version="1.0" encoding="UTF-8"?>
<!DOCTYPE html PUBLIC "-//W3C//DTD XHTML 1.0 Transitional//EN"
    "http://www.w3.org/TR/xhtml1/DTD/xhtml1-transitional.dtd">
<html xmlns="http://www.w3.org/1999/xhtml" xml:lang="en" lang="en">
 <head>
  <title>
</title>
<meta http-equiv="Content-Type" content="text/html;charset=utf-8" />
  <meta name='ocr-system' content='tesseract 3.04.00' />
  <meta name='ocr-capabilities' content='ocr_page ocr_carea ocr_par ocr_line ocrx_word'/>
</head>
<body>
  <div class='ocr_page' id='page_1' title='image "./MN40048ucmf_3_0627.png"; bbox 0 0 1690 2654; ppageno 0'>
   <div class='ocr_carea' id='block_1_1' title="bbox 215 51 755 122">
    <p class='ocr_par' dir='ltr' id='par_1_1' title="bbox 215 51 755 122">
     <span class='ocr_line' id='line_1_1' title="bbox 215 51 755 122; baseline 0 -1"><span class='ocrx_word' id='word_1_1' title='bbox 215 81 256 122; x_wconf 76' lang='lat' dir='ltr'>no</span> <span class='ocrx_word' id='word_1_2' title='bbox 272 51 408 119; x_wconf 76' lang='lat' dir='ltr'>omnen</span> <span class='ocrx_word' id='word_1_3' title='bbox 423 63 586 120; x_wconf 61' lang='lat' dir='ltr'>‚surinus</span> <span class='ocrx_word' id='word_1_4' title='bbox 706 73 755 121; x_wconf 74' lang='lat'>529</span> 
     </span>
    </p>
   </div>
   <div class='ocr_carea' id='block_1_2' title="bbox 4 184 780 2558">
    <p class='ocr_par' dir='ltr' id='par_1_2' title="bbox 37 184 753 296">
     <span class='ocr_line' id='line_1_2' title="bbox 37 184 753 235; baseline -0.008 -5"><span class='ocrx_word' id='word_1_5' title='bbox 37 195 97 234; x_wconf 75' lang='lat' dir='ltr'>Pocr-</span> <span class='ocrx_word' id='word_1_6' title='bbox 116 190 164 230; x_wconf 87' lang='lat' dir='ltr'>Brit.</span> <span class='ocrx_word' id='word_1_7' title='bbox 175 189 194 229; x_wconf 74' lang='lat'>3.</span> <span class='ocrx_word' id='word_1_8' title='bbox 211 189 271 225; x_wconf 81' lang='lat' dir='ltr'>Cant.</span> <span class='ocrx_word' id='word_1_9' title='bbox 288 185 380 235; x_wconf 66' lang='lat' dir='ltr'>(lirini)</span> <span class='ocrx_word' id='word_1_10' title='bbox 399 186 447 224; x_wconf 84' lang='lat' dir='ltr'>Ver.</span> <span class='ocrx_word' id='word_1_11' title='bbox 458 184 510 223; x_wconf 89' lang='lat' dir='ltr'>Ven.</span> <span class='ocrx_word' id='word_1_12' title='bbox 527 185 572 223; x_wconf 79' lang='lat' dir='ltr'>Atd.</span> <span class='ocrx_word' id='word_1_13' title='bbox 586 186 603 226; x_wconf 85' lang='lat'>1.</span> <span class='ocrx_word' id='word_1_14' title='bbox 620 187 670 225; x_wconf 74' lang='lat' dir='ltr'>Bon,</span> <span class='ocrx_word' id='word_1_15' title='bbox 684 186 753 233; x_wconf 76' lang='lat' dir='ltr'>undis,</span> 
     </span>
     <span class='ocr_line' id='line_1_3' title="bbox 38 236 740 296; baseline -0.007 -14"><span class='ocrx_word' id='word_1_16' title='bbox 38 248 108 296; x_wconf 79' lang='lat' dir='ltr'>(quam</span> <span class='ocrx_word' id='word_1_17' title='bbox 119 242 243 280; x_wconf 84' lang='lat' dir='ltr'>varietatem</span> <span class='ocrx_word' id='word_1_18' title='bbox 254 237 340 276; x_wconf 78' lang='lat' dir='ltr'>Gersrd.</span> <span class='ocrx_word' id='word_1_19' title='bbox 354 250 438 287; x_wconf 83' lang='lat' dir='ltr'>prorsus</span> <span class='ocrx_word' id='word_1_20' title='bbox 449 236 561 287; x_wconf 80' lang='lat' dir='ltr'>neglexit);</span> <span class='ocrx_word' id='word_1_21' title='bbox 575 238 627 277; x_wconf 77' lang='lat' dir='ltr'>Brit,</span> <span class='ocrx_word' id='word_1_22' title='bbox 639 241 656 278; x_wconf 90' lang='lat'>1.</span> <span class='ocrx_word' id='word_1_23' title='bbox 666 240 740 277; x_wconf 82' lang='lat' dir='ltr'>undas.</span> 
     </span>
    </p>

    <p class='ocr_par' dir='ltr' id='par_1_3' title="bbox 4 288 753 550">
     <span class='ocr_line' id='line_1_4' title="bbox 90 288 752 340; baseline -0.012 -6"><span class='ocrx_word' id='word_1_24' title='bbox 90 296 134 333; x_wconf 82' lang='lat'>866.</span> <span class='ocrx_word' id='word_1_25' title='bbox 161 291 240 339; x_wconf 77' lang='lat' dir='ltr'>subtus]</span> <span class='ocrx_word' id='word_1_26' title='bbox 256 290 399 340; x_wconf 76' lang='lat' dir='ltr'>Vindfragm.</span> <span class='ocrx_word' id='word_1_27' title='bbox 410 288 622 328; x_wconf 82' lang='lat' dir='ltr'>Vind.Poor.Brit.1.</span> <span class='ocrx_word' id='word_1_28' title='bbox 634 290 752 331; x_wconf 76' lang='lat' dir='ltr'>Cantfirix.</span> 
     </span>
     <span class='ocr_line' id='line_1_5' title="bbox 4 338 751 391; baseline -0.011 -5"><span class='ocrx_word' id='word_1_29' title='bbox 4 387 9 391; x_wconf 78' lang='grc'>,</span> <span class='ocrx_word' id='word_1_30' title='bbox 38 350 85 386; x_wconf 83' lang='lat' dir='ltr'>Ver.</span> <span class='ocrx_word' id='word_1_31' title='bbox 96 347 145 384; x_wconf 81' lang='lat' dir='ltr'>Ven.</span> <span class='ocrx_word' id='word_1_32' title='bbox 155 346 241 390; x_wconf 82' lang='lat' dir='ltr'>sonitus,</span> <span class='ocrx_word' id='word_1_33' title='bbox 255 340 304 379; x_wconf 85' lang='lat' dir='ltr'>Brit.</span> <span class='ocrx_word' id='word_1_34' title='bbox 316 342 335 380; x_wconf 85' lang='lat'>3.</span> <span class='ocrx_word' id='word_1_35' title='bbox 339 341 393 389; x_wconf 85' lang='lat' dir='ltr'>sons</span> <span class='ocrx_word' id='word_1_36' title='bbox 404 342 466 379; x_wconf 82' lang='lat' dir='ltr'>intus.</span> <span class='ocrx_word' id='word_1_37' title='bbox 484 338 550 377; x_wconf 83' lang='lat' dir='ltr'>BentI.</span> <span class='ocrx_word' id='word_1_38' title='bbox 563 340 653 390; x_wconf 80' lang='lat' dir='ltr'>quaerit:</span> <span class='ocrx_word' id='word_1_39' title='bbox 669 340 751 390; x_wconf 84' lang='lat' dir='ltr'>„Quid,</span> 
     </span>
     <span class='ocr_line' id='line_1_6' title="bbox 38 389 753 448; baseline -0.008 -12"><span class='ocrx_word' id='word_1_40' title='bbox 38 398 55 435; x_wconf 88' lang='lat' dir='ltr'>si</span> <span class='ocrx_word' id='word_1_41' title='bbox 65 398 153 448; x_wconf 79' lang='lat' dir='ltr'>supera?</span> <span class='ocrx_word' id='word_1_42' title='bbox 172 406 221 431; x_wconf 84' lang='lat' dir='ltr'>nam</span> <span class='ocrx_word' id='word_1_43' title='bbox 238 392 358 442; x_wconf 79' lang='lat' dir='ltr'>superficies</span> <span class='ocrx_word' id='word_1_44' title='bbox 375 398 445 428; x_wconf 81' lang='lat' dir='ltr'>terrae</span> <span class='ocrx_word' id='word_1_45' title='bbox 456 389 557 440; x_wconf 80' lang='lat' dir='ltr'>frigescit.</span> <span class='ocrx_word' id='word_1_46' title='bbox 582 393 614 428; x_wconf 88' lang='lat' dir='ltr'>An</span> <span class='ocrx_word' id='word_1_47' title='bbox 626 392 698 430; x_wconf 81' lang='lat' dir='ltr'>subter</span> <span class='ocrx_word' id='word_1_48' title='bbox 706 405 753 430; x_wconf 91' lang='lat' dir='ltr'>um-</span> 
     </span>
     <span class='ocr_line' id='line_1_7' title="bbox 38 441 752 494; baseline -0.007 -8"><span class='ocrx_word' id='word_1_49' title='bbox 38 448 121 487; x_wconf 75' lang='lat' dir='ltr'>hras?“</span> <span class='ocrx_word' id='word_1_50' title='bbox 147 444 252 485; x_wconf 81' lang='lat' dir='ltr'>Posterior</span> <span class='ocrx_word' id='word_1_51' title='bbox 263 445 317 481; x_wconf 73' lang='lat' dir='ltr'>ratio</span> <span class='ocrx_word' id='word_1_52' title='bbox 328 443 389 480; x_wconf 86' lang='lat' dir='ltr'>unice</span> <span class='ocrx_word' id='word_1_53' title='bbox 403 454 464 494; x_wconf 67' lang='lat' dir='ltr'>sera,</span> <span class='ocrx_word' id='word_1_54' title='bbox 482 441 572 492; x_wconf 78' lang='lat' dir='ltr'>ideoque</span> <span class='ocrx_word' id='word_1_55' title='bbox 586 442 707 481; x_wconf 76' lang='lat' dir='ltr'>coniectura</span> <span class='ocrx_word' id='word_1_56' title='bbox 717 457 752 481; x_wconf 82' lang='lat' dir='ltr'>su-</span> 
     </span>
     <span class='ocr_line' id='line_1_8' title="bbox 38 497 247 550; baseline -0.029 -12"><span class='ocrx_word' id='word_1_57' title='bbox 38 497 216 550; x_wconf 77' lang='lat' dir='ltr'>perflueridetur.</span> <span class='ocrx_word' id='word_1_58' title='bbox 245 498 247 501; x_wconf 82' lang='lat'>&#39;</span> 
     </span>
    </p>

    <p class='ocr_par' dir='ltr' id='par_1_4' title="bbox 37 543 753 1203">
     <span class='ocr_line' id='line_1_9' title="bbox 89 543 751 596; baseline -0.008 -9"><span class='ocrx_word' id='word_1_59' title='bbox 89 552 132 590; x_wconf 82' lang='lat'>869.</span> <span class='ocrx_word' id='word_1_60' title='bbox 160 547 239 596; x_wconf 77' lang='lat' dir='ltr'>laticis]</span> <span class='ocrx_word' id='word_1_61' title='bbox 259 546 320 594; x_wconf 86' lang='lat' dir='ltr'>Bede,</span> <span class='ocrx_word' id='word_1_62' title='bbox 335 543 370 595; x_wconf 84' lang='lat' dir='ltr'>qui</span> <span class='ocrx_word' id='word_1_63' title='bbox 382 544 438 581; x_wconf 87' lang='lat' dir='ltr'>hunc</span> <span class='ocrx_word' id='word_1_64' title='bbox 452 555 537 590; x_wconf 80' lang='lat' dir='ltr'>versum</span> <span class='ocrx_word' id='word_1_65' title='bbox 545 543 617 582; x_wconf 77' lang='lat' dir='ltr'>laudet</span> <span class='ocrx_word' id='word_1_66' title='bbox 625 558 644 595; x_wconf 90' lang='lat' dir='ltr'>p.</span> <span class='ocrx_word' id='word_1_67' title='bbox 655 546 706 586; x_wconf 69' lang='lat'><strong><em>2375</em></strong></span> <span class='ocrx_word' id='word_1_68' title='bbox 721 550 751 594; x_wconf 84' lang='lat' dir='ltr'>P.,</span> 
     </span>
     <span class='ocr_line' id='line_1_10' title="bbox 38 595 752 653; baseline -0.006 -13"><span class='ocrx_word' id='word_1_69' title='bbox 38 616 114 653; x_wconf 78' lang='lat' dir='ltr'>aquae,</span> <span class='ocrx_word' id='word_1_70' title='bbox 129 599 203 637; x_wconf 87' lang='lat' dir='ltr'>diserte</span> <span class='ocrx_word' id='word_1_71' title='bbox 220 598 309 648; x_wconf 79' lang='lat' dir='ltr'>docens,</span> <span class='ocrx_word' id='word_1_72' title='bbox 323 597 413 646; x_wconf 81' lang='lat' dir='ltr'>primam</span> <span class='ocrx_word' id='word_1_73' title='bbox 424 595 525 645; x_wconf 74' lang='lat' dir='ltr'>syllabam</span> <span class='ocrx_word' id='word_1_74' title='bbox 536 598 592 633; x_wconf 88' lang='lat' dir='ltr'>vocis</span> <span class='ocrx_word' id='word_1_75' title='bbox 606 598 752 647; x_wconf 84' lang='lat' dir='ltr'>obsequentes</span> 
     </span>
     <span class='ocr_line' id='line_1_11' title="bbox 37 646 753 701; baseline -0.004 -12"><span class='ocrx_word' id='word_1_76' title='bbox 37 651 108 690; x_wconf 76' lang='lat' dir='ltr'>literas</span> <span class='ocrx_word' id='word_1_77' title='bbox 142 668 153 690; x_wconf 84' lang='grc' dir='ltr'>ιι</span> <span class='ocrx_word' id='word_1_78' title='bbox 166 649 262 701; x_wconf 75' lang='lat' dir='ltr'>produci.</span> <span class='ocrx_word' id='word_1_79' title='bbox 289 650 353 685; x_wconf 73' lang='lat' dir='ltr'>lieete</span> <span class='ocrx_word' id='word_1_80' title='bbox 369 654 440 684; x_wconf 78' lang='lat' dir='ltr'>tamen</span> <span class='ocrx_word' id='word_1_81' title='bbox 452 646 494 684; x_wconf 81' lang='lat' dir='ltr'>iarn</span> <span class='ocrx_word' id='word_1_82' title='bbox 507 648 612 695; x_wconf 62' lang='lat' dir='ltr'>Lenibus„</span> <span class='ocrx_word' id='word_1_83' title='bbox 632 649 714 687; x_wconf 71' lang='lat' dir='ltr'>Wakef.</span> <span class='ocrx_word' id='word_1_84' title='bbox 732 656 753 686; x_wconf 88' lang='lat' dir='ltr'>et</span> 
     </span>
     <span class='ocr_line' id='line_1_12' title="bbox 38 699 753 749; baseline -0.004 -8"><span class='ocrx_word' id='word_1_85' title='bbox 38 703 133 741; x_wconf 85' lang='lat' dir='ltr'>Schneid.</span> <span class='ocrx_word' id='word_1_86' title='bbox 144 705 237 741; x_wconf 80' lang='lat' dir='ltr'>Gremm.</span> <span class='ocrx_word' id='word_1_87' title='bbox 248 702 294 737; x_wconf 81' lang='lat' dir='ltr'>Lat.</span> <span class='ocrx_word' id='word_1_88' title='bbox 306 704 320 738; x_wconf 82' lang='lat' dir='ltr'>t.</span> <span class='ocrx_word' id='word_1_89' title='bbox 337 713 358 748; x_wconf 84' lang='lat' dir='ltr'>p.</span> <span class='ocrx_word' id='word_1_90' title='bbox 372 700 416 739; x_wconf 81' lang='lat'>330.</span> <span class='ocrx_word' id='word_1_91' title='bbox 432 699 481 749; x_wconf 78' lang='lat' dir='ltr'>(qut</span> <span class='ocrx_word' id='word_1_92' title='bbox 492 699 577 743; x_wconf 83' lang='lat' dir='ltr'>omnino</span> <span class='ocrx_word' id='word_1_93' title='bbox 594 701 634 738; x_wconf 85' lang='lat' dir='ltr'>hac</span> <span class='ocrx_word' id='word_1_94' title='bbox 645 700 670 738; x_wconf 90' lang='lat' dir='ltr'>de</span> <span class='ocrx_word' id='word_1_95' title='bbox 687 713 710 738; x_wconf 89' lang='lat' dir='ltr'>re</span> <span class='ocrx_word' id='word_1_96' title='bbox 722 707 753 738; x_wconf 71' lang='lat' dir='ltr'>ess</span> 
     </span>
     <span class='ocr_line' id='line_1_13' title="bbox 39 751 752 803; baseline -0.001 -11"><span class='ocrx_word' id='word_1_97' title='bbox 39 754 201 800; x_wconf 76' lang='lat' dir='ltr'>conferendus,)</span> <span class='ocrx_word' id='word_1_98' title='bbox 219 756 316 798; x_wconf 89' lang='lat' dir='ltr'>mouent,</span> <span class='ocrx_word' id='word_1_99' title='bbox 330 751 346 788; x_wconf 90' lang='lat' dir='ltr'>si</span> <span class='ocrx_word' id='word_1_100' title='bbox 361 766 427 803; x_wconf 79' lang='lat' dir='ltr'>oquae</span> <span class='ocrx_word' id='word_1_101' title='bbox 437 763 487 788; x_wconf 82' lang='lat' dir='ltr'>vera</span> <span class='ocrx_word' id='word_1_102' title='bbox 497 751 523 788; x_wconf 89' lang='lat' dir='ltr'>sit</span> <span class='ocrx_word' id='word_1_103' title='bbox 534 751 608 801; x_wconf 77' lang='lat' dir='ltr'>lectio,</span> <span class='ocrx_word' id='word_1_104' title='bbox 622 759 673 789; x_wconf 89' lang='lat' dir='ltr'>tuuc</span> <span class='ocrx_word' id='word_1_105' title='bbox 683 753 752 802; x_wconf 81' lang='lat' dir='ltr'>potins</span> 
     </span>
     <span class='ocr_line' id='line_1_14' title="bbox 39 802 753 856; baseline -0.003 -11"><span class='ocrx_word' id='word_1_106' title='bbox 39 806 106 855; x_wconf 64' lang='lat' dir='ltr'>stenae,</span> <span class='ocrx_word' id='word_1_107' title='bbox 114 802 252 856; x_wconf 69' lang='grc' dir='ltr'><em>τρισυλλάβως</em></span> <span class='ocrx_word' id='word_1_108' title='bbox 261 815 304 839; x_wconf 81' lang='lat' dir='ltr'>esse</span> <span class='ocrx_word' id='word_1_109' title='bbox 315 802 601 856; x_wconf 75' lang='lat' dir='ltr'>pronuntiandun1‚ut1,56t.</span> <span class='ocrx_word' id='word_1_110' title='bbox 610 805 643 852; x_wconf 82' lang='lat' dir='ltr'>IV,</span> <span class='ocrx_word' id='word_1_111' title='bbox 650 806 695 844; x_wconf 80' lang='lat'>977.</span> <span class='ocrx_word' id='word_1_112' title='bbox 703 804 753 843; x_wconf 72' lang='lat' dir='ltr'>reti-</span> 
     </span>
     <span class='ocr_line' id='line_1_15' title="bbox 38 853 752 904; baseline -0.006 -8"><span class='ocrx_word' id='word_1_113' title='bbox 38 861 86 896; x_wconf 83' lang='lat' dir='ltr'>ciins</span> <span class='ocrx_word' id='word_1_114' title='bbox 98 864 136 895; x_wconf 86' lang='lat' dir='ltr'>etc.</span> <span class='ocrx_word' id='word_1_115' title='bbox 161 856 267 895; x_wconf 80' lang='lat' dir='ltr'>Libentius</span> <span class='ocrx_word' id='word_1_116' title='bbox 277 861 348 893; x_wconf 81' lang='lat' dir='ltr'>tamen</span> <span class='ocrx_word' id='word_1_117' title='bbox 360 853 436 891; x_wconf 79' lang='lat' dir='ltr'>Bedam</span> <span class='ocrx_word' id='word_1_118' title='bbox 447 859 483 890; x_wconf 84' lang='lat' dir='ltr'>aut</span> <span class='ocrx_word' id='word_1_119' title='bbox 492 853 561 904; x_wconf 86' lang='lat' dir='ltr'>ipsum</span> <span class='ocrx_word' id='word_1_120' title='bbox 570 867 655 903; x_wconf 76' lang='lat' dir='ltr'>errasse,</span> <span class='ocrx_word' id='word_1_121' title='bbox 668 868 752 893; x_wconf 82' lang='lat' dir='ltr'>versum</span> 
     </span>
     <span class='ocr_line' id='line_1_16' title="bbox 37 905 751 957; baseline -0.001 -11"><span class='ocrx_word' id='word_1_122' title='bbox 37 909 160 946; x_wconf 77' lang='lat' dir='ltr'>memoriter</span> <span class='ocrx_word' id='word_1_123' title='bbox 169 908 275 954; x_wconf 78' lang='lat' dir='ltr'>citantem,</span> <span class='ocrx_word' id='word_1_124' title='bbox 290 912 326 957; x_wconf 74' lang='lat' dir='ltr'>eut</span> <span class='ocrx_word' id='word_1_125' title='bbox 337 905 412 945; x_wconf 86' lang='lat' dir='ltr'>Codice</span> <span class='ocrx_word' id='word_1_126' title='bbox 422 905 492 955; x_wconf 81' lang='lat' dir='ltr'>aliquo</span> <span class='ocrx_word' id='word_1_127' title='bbox 504 918 516 942; x_wconf 82' lang='lat' dir='ltr'>a</span> <span class='ocrx_word' id='word_1_128' title='bbox 526 906 642 955; x_wconf 77' lang='lat' dir='ltr'>glossatore</span> <span class='ocrx_word' id='word_1_129' title='bbox 653 914 751 956; x_wconf 77' lang='lat' dir='ltr'>corrupto</span> 
     </span>
     <span class='ocr_line' id='line_1_17' title="bbox 37 958 751 1009; baseline 0 -12"><span class='ocrx_word' id='word_1_130' title='bbox 37 972 98 997; x_wconf 88' lang='lat' dir='ltr'>usum</span> <span class='ocrx_word' id='word_1_131' title='bbox 110 959 172 1007; x_wconf 78' lang='lat' dir='ltr'>fuisse</span> <span class='ocrx_word' id='word_1_132' title='bbox 183 958 306 1009; x_wconf 78' lang='lat' dir='ltr'>putaverim.</span> <span class='ocrx_word' id='word_1_133' title='bbox 319 978 345 986; x_wconf 90' lang='lat'>-</span> <span class='ocrx_word' id='word_1_134' title='bbox 358 968 436 996; x_wconf 79' lang='lat' dir='ltr'>tactum</span> <span class='ocrx_word' id='word_1_135' title='bbox 453 968 514 1009; x_wconf 74' lang='lat' dir='ltr'>atque</span> <span class='ocrx_word' id='word_1_136' title='bbox 526 960 633 1007; x_wconf 74' lang='lat' dir='ltr'>vaporem]</span> <span class='ocrx_word' id='word_1_137' title='bbox 648 958 677 995; x_wconf 75' lang='lat' dir='ltr'>sic</span> <span class='ocrx_word' id='word_1_138' title='bbox 690 958 751 997; x_wconf 81' lang='lat' dir='ltr'>Wek.</span> 
     </span>
     <span class='ocr_line' id='line_1_18' title="bbox 38 1008 750 1048; baseline -0.001 0"><span class='ocrx_word' id='word_1_139' title='bbox 38 1023 63 1047; x_wconf 84' lang='lat' dir='ltr'>ex</span> <span class='ocrx_word' id='word_1_140' title='bbox 86 1010 180 1048; x_wconf 88' lang='lat' dir='ltr'>omnium</span> <span class='ocrx_word' id='word_1_141' title='bbox 199 1011 244 1047; x_wconf 85' lang='lat' dir='ltr'>fere</span> <span class='ocrx_word' id='word_1_142' title='bbox 267 1009 371 1047; x_wconf 86' lang='lat' dir='ltr'>librorum</span> <span class='ocrx_word' id='word_1_143' title='bbox 391 1015 412 1045; x_wconf 86' lang='lat' dir='ltr'>et</span> <span class='ocrx_word' id='word_1_144' title='bbox 425 1008 492 1045; x_wconf 81' lang='lat' dir='ltr'>Bedae</span> <span class='ocrx_word' id='word_1_145' title='bbox 512 1009 637 1046; x_wconf 71' lang='lat' dir='ltr'>auctoritate</span> <span class='ocrx_word' id='word_1_146' title='bbox 653 1009 750 1048; x_wconf 80' lang='lat' dir='ltr'>restituit.</span> 
     </span>
     <span class='ocr_line' id='line_1_19' title="bbox 37 1062 752 1113; baseline 0.003 -15"><span class='ocrx_word' id='word_1_147' title='bbox 37 1065 83 1098; x_wconf 80' lang='lat' dir='ltr'>Una</span> <span class='ocrx_word' id='word_1_148' title='bbox 95 1063 146 1101; x_wconf 81' lang='lat' dir='ltr'>Brix.</span> <span class='ocrx_word' id='word_1_149' title='bbox 157 1074 271 1113; x_wconf 80' lang='lat' dir='ltr'>tactumque</span> <span class='ocrx_word' id='word_1_150' title='bbox 281 1076 390 1113; x_wconf 76' lang='lat' dir='ltr'>vaporem,</span> <span class='ocrx_word' id='word_1_151' title='bbox 410 1066 430 1097; x_wconf 84' lang='lat' dir='ltr'>et</span> <span class='ocrx_word' id='word_1_152' title='bbox 439 1062 493 1098; x_wconf 84' lang='lat' dir='ltr'>lunt.</span> <span class='ocrx_word' id='word_1_153' title='bbox 505 1071 581 1099; x_wconf 76' lang='lat' dir='ltr'>tectum</span> <span class='ocrx_word' id='word_1_154' title='bbox 592 1076 655 1112; x_wconf 75' lang='lat' dir='ltr'>neque</span> <span class='ocrx_word' id='word_1_155' title='bbox 665 1076 752 1111; x_wconf 70' lang='lat' dir='ltr'>vapore:</span> 
     </span>
     <span class='ocr_line' id='line_1_20' title="bbox 37 1110 752 1165; baseline 0 -15"><span class='ocrx_word' id='word_1_156' title='bbox 37 1112 99 1162; x_wconf 80' lang='lat' dir='ltr'>vulgo</span> <span class='ocrx_word' id='word_1_157' title='bbox 111 1120 182 1152; x_wconf 79' lang='lat' dir='ltr'>tamen</span> <span class='ocrx_word' id='word_1_158' title='bbox 198 1125 275 1153; x_wconf 74' lang='lat' dir='ltr'>tactum</span> <span class='ocrx_word' id='word_1_159' title='bbox 289 1123 351 1165; x_wconf 76' lang='lat' dir='ltr'>atque</span> <span class='ocrx_word' id='word_1_160' title='bbox 365 1127 469 1164; x_wconf 79' lang='lat' dir='ltr'>saporem,</span> <span class='ocrx_word' id='word_1_161' title='bbox 488 1110 558 1149; x_wconf 87' lang='lat' dir='ltr'>nescio</span> <span class='ocrx_word' id='word_1_162' title='bbox 571 1124 582 1150; x_wconf 90' lang='lat' dir='ltr'>e</span> <span class='ocrx_word' id='word_1_163' title='bbox 594 1113 652 1150; x_wconf 88' lang='lat' dir='ltr'>cuius</span> <span class='ocrx_word' id='word_1_164' title='bbox 667 1112 752 1151; x_wconf 76' lang='lat' dir='ltr'>editoris</span> 
     </span>
     <span class='ocr_line' id='line_1_21' title="bbox 37 1164 521 1203; baseline 0.004 -2"><span class='ocrx_word' id='word_1_165' title='bbox 37 1164 130 1203; x_wconf 67' lang='lat' dir='ltr'>arbitrio}</span> <span class='ocrx_word' id='word_1_166' title='bbox 415 1186 418 1189; x_wconf 97' lang='lat'>-</span> <span class='ocrx_word' id='word_1_167' title='bbox 517 1188 521 1191; x_wconf 92' lang='lat'><em>-</em></span> 
     </span>
    </p>

    <p class='ocr_par' dir='ltr' id='par_1_5' title="bbox 36 1213 751 1366">
     <span class='ocr_line' id='line_1_22' title="bbox 89 1213 751 1264; baseline -0.002 -9"><span class='ocrx_word' id='word_1_168' title='bbox 89 1217 133 1255; x_wconf 81' lang='grc'>870.</span> <span class='ocrx_word' id='word_1_169' title='bbox 160 1216 248 1264; x_wconf 73' lang='lat' dir='ltr'>otonis]</span> <span class='ocrx_word' id='word_1_170' title='bbox 271 1214 421 1254; x_wconf 65' lang='lat' dir='ltr'>neoterici.</span> <span class='ocrx_word' id='word_1_171' title='bbox 440 1213 495 1262; x_wconf 90' lang='lat' dir='ltr'>(non</span> <span class='ocrx_word' id='word_1_172' title='bbox 504 1214 566 1263; x_wconf 82' lang='lat' dir='ltr'>Ver.)</span> <span class='ocrx_word' id='word_1_173' title='bbox 583 1215 671 1262; x_wconf 71' lang='lat' dir='ltr'>obortis,</span> <span class='ocrx_word' id='word_1_174' title='bbox 690 1216 751 1256; x_wconf 86' lang='lat' dir='ltr'>Poor.</span> 
     </span>
     <span class='ocr_line' id='line_1_23' title="bbox 38 1265 750 1316; baseline 0.003 -12"><span class='ocrx_word' id='word_1_175' title='bbox 38 1266 129 1314; x_wconf 77' lang='lat' dir='ltr'>obortus,</span> <span class='ocrx_word' id='word_1_176' title='bbox 143 1269 191 1306; x_wconf 86' lang='lat' dir='ltr'>Brit.</span> <span class='ocrx_word' id='word_1_177' title='bbox 203 1269 222 1307; x_wconf 84' lang='lat'>3.</span> <span class='ocrx_word' id='word_1_178' title='bbox 233 1270 291 1305; x_wconf 74' lang='lat' dir='ltr'>Cant.</span> <span class='ocrx_word' id='word_1_179' title='bbox 302 1267 355 1307; x_wconf 80' lang='lat' dir='ltr'>Br&#39;ir.</span> <span class='ocrx_word' id='word_1_180' title='bbox 365 1267 424 1303; x_wconf 75' lang='lat' dir='ltr'>tunt:</span> <span class='ocrx_word' id='word_1_181' title='bbox 432 1265 478 1302; x_wconf 83' lang='lat' dir='ltr'>Ald.</span> <span class='ocrx_word' id='word_1_182' title='bbox 487 1267 506 1304; x_wconf 68' lang='grc' dir='ltr'>Ξ.</span> <span class='ocrx_word' id='word_1_183' title='bbox 518 1267 610 1313; x_wconf 82' lang='lat' dir='ltr'>obortus,</span> <span class='ocrx_word' id='word_1_184' title='bbox 625 1267 681 1316; x_wconf 84' lang='lat' dir='ltr'>quod</span> <span class='ocrx_word' id='word_1_185' title='bbox 690 1268 750 1306; x_wconf 76' lang='lat' dir='ltr'>Wek.</span> 
     </span>
     <span class='ocr_line' id='line_1_24' title="bbox 36 1317 605 1366; baseline 0.004 -12"><span class='ocrx_word' id='word_1_186' title='bbox 36 1317 123 1356; x_wconf 76' lang='lat' dir='ltr'>fortasse</span> <span class='ocrx_word' id='word_1_187' title='bbox 133 1332 206 1357; x_wconf 86' lang='lat' dir='ltr'>verum</span> <span class='ocrx_word' id='word_1_188' title='bbox 219 1324 295 1356; x_wconf 82' lang='lat' dir='ltr'>censet.</span> <span class='ocrx_word' id='word_1_189' title='bbox 324 1317 398 1366; x_wconf 85' lang='lat' dir='ltr'>(Conf.</span> <span class='ocrx_word' id='word_1_190' title='bbox 411 1329 473 1366; x_wconf 87' lang='lat' dir='ltr'>supra</span> <span class='ocrx_word' id='word_1_191' title='bbox 484 1317 511 1353; x_wconf 82' lang='lat' dir='ltr'>ad</span> <span class='ocrx_word' id='word_1_192' title='bbox 520 1330 539 1355; x_wconf 85' lang='lat' dir='ltr'>v.</span> <span class='ocrx_word' id='word_1_193' title='bbox 550 1317 605 1366; x_wconf 84' lang='grc'>587.)</span> 
     </span>
    </p>

    <p class='ocr_par' dir='ltr' id='par_1_6' title="bbox 37 1368 750 1522">
     <span class='ocr_line' id='line_1_25' title="bbox 88 1368 750 1422; baseline -0.005 -13"><span class='ocrx_word' id='word_1_194' title='bbox 88 1371 132 1409; x_wconf 89' lang='grc'>870.</span> <span class='ocrx_word' id='word_1_195' title='bbox 158 1373 253 1410; x_wconf 77' lang='lat' dir='ltr'>miscente</span> <span class='ocrx_word' id='word_1_196' title='bbox 267 1385 355 1422; x_wconf 75' lang='lat' dir='ltr'>vapore,</span> <span class='ocrx_word' id='word_1_197' title='bbox 375 1368 388 1406; x_wconf 89' lang='lat' dir='ltr'>i.</span> <span class='ocrx_word' id='word_1_198' title='bbox 399 1381 416 1406; x_wconf 86' lang='lat' dir='ltr'>e.</span> <span class='ocrx_word' id='word_1_199' title='bbox 428 1383 532 1421; x_wconf 77' lang='lat' dir='ltr'>vaporese</span> <span class='ocrx_word' id='word_1_200' title='bbox 547 1371 654 1418; x_wconf 79' lang='lat' dir='ltr'>miscente,</span> <span class='ocrx_word' id='word_1_201' title='bbox 673 1375 696 1406; x_wconf 85' lang='lat' dir='ltr'>ut</span> <span class='ocrx_word' id='word_1_202' title='bbox 705 1381 750 1407; x_wconf 81' lang='lat' dir='ltr'>sae-</span> 
     </span>
     <span class='ocr_line' id='line_1_26' title="bbox 37 1418 748 1471; baseline 0.006 -16"><span class='ocrx_word' id='word_1_203' title='bbox 37 1418 119 1468; x_wconf 85' lang='lat' dir='ltr'>pissime</span> <span class='ocrx_word' id='word_1_204' title='bbox 131 1422 186 1471; x_wconf 80' lang='lat' dir='ltr'>apud</span> <span class='ocrx_word' id='word_1_205' title='bbox 197 1423 324 1460; x_wconf 85' lang='lat' dir='ltr'>Lucretium.</span> <span class='ocrx_word' id='word_1_206' title='bbox 351 1420 411 1459; x_wconf 81' lang='lat' dir='ltr'>Wak.</span> <span class='ocrx_word' id='word_1_207' title='bbox 422 1426 494 1456; x_wconf 80' lang='lat' dir='ltr'>temen</span> <span class='ocrx_word' id='word_1_208' title='bbox 507 1420 560 1459; x_wconf 86' lang='lat' dir='ltr'>coni.</span> <span class='ocrx_word' id='word_1_209' title='bbox 572 1423 677 1470; x_wconf 79' lang='lat' dir='ltr'>gliscente,</span> <span class='ocrx_word' id='word_1_210' title='bbox 691 1421 720 1469; x_wconf 79' lang='lat' dir='ltr'>„i</span> <span class='ocrx_word' id='word_1_211' title='bbox 732 1434 748 1459; x_wconf 88' lang='lat' dir='ltr'>e.</span> 
     </span>
     <span class='ocr_line' id='line_1_27' title="bbox 37 1469 659 1522; baseline 0.006 -15"><span class='ocrx_word' id='word_1_212' title='bbox 37 1470 80 1508; x_wconf 89' lang='lat' dir='ltr'>sole</span> <span class='ocrx_word' id='word_1_213' title='bbox 90 1472 191 1510; x_wconf 76' lang='lat' dir='ltr'>aetherias</span> <span class='ocrx_word' id='word_1_214' title='bbox 203 1486 261 1511; x_wconf 83' lang='lat' dir='ltr'>arces</span> <span class='ocrx_word' id='word_1_215' title='bbox 270 1472 398 1522; x_wconf 82' lang='lat' dir='ltr'>pedetentim</span> <span class='ocrx_word' id='word_1_216' title='bbox 411 1470 530 1517; x_wconf 81' lang='lat' dir='ltr'>scandente,</span> <span class='ocrx_word' id='word_1_217' title='bbox 543 1475 590 1520; x_wconf 80' lang='lat' dir='ltr'>utI,</span> <span class='ocrx_word' id='word_1_218' title='bbox 600 1469 659 1511; x_wconf 70' lang='lat' dir='ltr'><em>475f‘</em></span> 
     </span>
    </p>

    <p class='ocr_par' dir='ltr' id='par_1_7' title="bbox 37 1521 748 1621">
     <span class='ocr_line' id='line_1_28' title="bbox 89 1521 748 1575; baseline -0.003 -13"><span class='ocrx_word' id='word_1_219' title='bbox 89 1525 132 1563; x_wconf 84' lang='lat'>873.</span> <span class='ocrx_word' id='word_1_220' title='bbox 159 1526 246 1575; x_wconf 77' lang='lat' dir='ltr'>terram]</span> <span class='ocrx_word' id='word_1_221' title='bbox 264 1527 323 1562; x_wconf 86' lang='lat' dir='ltr'>Poor.</span> <span class='ocrx_word' id='word_1_222' title='bbox 339 1535 411 1563; x_wconf 78' lang='lat' dir='ltr'>terras.</span> <span class='ocrx_word' id='word_1_223' title='bbox 425 1543 450 1551; x_wconf 90' lang='lat'>-·</span> <span class='ocrx_word' id='word_1_224' title='bbox 469 1521 534 1572; x_wconf 77' lang='lat' dir='ltr'>cedit]</span> <span class='ocrx_word' id='word_1_225' title='bbox 553 1522 611 1561; x_wconf 82' lang='lat' dir='ltr'>Bodt.</span> <span class='ocrx_word' id='word_1_226' title='bbox 629 1522 682 1562; x_wconf 80' lang='lat' dir='ltr'>Erix.</span> <span class='ocrx_word' id='word_1_227' title='bbox 700 1524 748 1562; x_wconf 80' lang='lat' dir='ltr'>Ver.</span> 
     </span>
     <span class='ocr_line' id='line_1_29' title="bbox 37 1575 447 1621; baseline 0.015 -10"><span class='ocrx_word' id='word_1_228' title='bbox 37 1575 87 1611; x_wconf 83' lang='lat' dir='ltr'>Ven·</span> <span class='ocrx_word' id='word_1_229' title='bbox 99 1578 158 1621; x_wconf 81' lang='lat' dir='ltr'>redit,</span> <span class='ocrx_word' id='word_1_230' title='bbox 173 1578 232 1613; x_wconf 80' lang='lat' dir='ltr'>Cant.</span> <span class='ocrx_word' id='word_1_231' title='bbox 244 1579 305 1616; x_wconf 73' lang='lat' dir='ltr'>cadit.</span> <span class='ocrx_word' id='word_1_232' title='bbox 327 1614 331 1619; x_wconf 89' lang='grc'><em>,</em></span> <span class='ocrx_word' id='word_1_233' title='bbox 443 1607 447 1612; x_wconf 74' lang='grc'><strong>-</strong></span> 
     </span>
    </p>

    <p class='ocr_par' dir='ltr' id='par_1_8' title="bbox 88 1623 748 1677">
     <span class='ocr_line' id='line_1_30' title="bbox 88 1623 748 1677; baseline 0 -13"><span class='ocrx_word' id='word_1_234' title='bbox 88 1623 131 1664; x_wconf 79' lang='grc'>874.</span> <span class='ocrx_word' id='word_1_235' title='bbox 157 1628 266 1677; x_wconf 66' lang='lat' dir='ltr'>Frigidus]</span> <span class='ocrx_word' id='word_1_236' title='bbox 285 1629 333 1665; x_wconf 83' lang='lat' dir='ltr'>Ver.</span> <span class='ocrx_word' id='word_1_237' title='bbox 343 1625 395 1664; x_wconf 89' lang='lat' dir='ltr'>Ven.</span> <span class='ocrx_word' id='word_1_238' title='bbox 407 1627 487 1676; x_wconf 80' lang='lat' dir='ltr'>Frigus,</span> <span class='ocrx_word' id='word_1_239' title='bbox 500 1646 527 1652; x_wconf 94' lang='lat'><em>-</em></span> <span class='ocrx_word' id='word_1_240' title='bbox 549 1635 565 1662; x_wconf 71' lang='lat' dir='ltr'>tt</span> <span class='ocrx_word' id='word_1_241' title='bbox 571 1625 622 1675; x_wconf 76' lang='lat' dir='ltr'>fons</span> <span class='ocrx_word' id='word_1_242' title='bbox 633 1625 664 1675; x_wconf 85' lang='lat' dir='ltr'>in]</span> <span class='ocrx_word' id='word_1_243' title='bbox 684 1625 748 1674; x_wconf 81' lang='lat' dir='ltr'>„Pta-</span> 
     </span>
    </p>

    <p class='ocr_par' dir='ltr' id='par_1_9' title="bbox 37 1676 750 2243">
     <span class='ocr_line' id='line_1_31' title="bbox 38 1676 750 1727; baseline 0.007 -17"><span class='ocrx_word' id='word_1_244' title='bbox 38 1680 72 1711; x_wconf 88' lang='lat' dir='ltr'>cet</span> <span class='ocrx_word' id='word_1_245' title='bbox 81 1680 184 1727; x_wconf 81' lang='lat' dir='ltr'>scriptura</span> <span class='ocrx_word' id='word_1_246' title='bbox 192 1680 240 1718; x_wconf 82' lang='lat' dir='ltr'>Ver.</span> <span class='ocrx_word' id='word_1_247' title='bbox 251 1683 279 1718; x_wconf 72' lang='lat' dir='ltr'>cit</span> <span class='ocrx_word' id='word_1_248' title='bbox 292 1678 343 1727; x_wconf 75' lang='lat' dir='ltr'>sons</span> <span class='ocrx_word' id='word_1_249' title='bbox 354 1677 399 1715; x_wconf 79' lang='lat' dir='ltr'>nt.“</span> <span class='ocrx_word' id='word_1_250' title='bbox 414 1679 484 1716; x_wconf 70' lang='lat' dir='ltr'>Wae</span> <span class='ocrx_word' id='word_1_251' title='bbox 511 1676 551 1713; x_wconf 85' lang='lat' dir='ltr'>Sed</span> <span class='ocrx_word' id='word_1_252' title='bbox 561 1678 608 1715; x_wconf 83' lang='lat' dir='ltr'>Ver.</span> <span class='ocrx_word' id='word_1_253' title='bbox 621 1683 642 1714; x_wconf 86' lang='lat' dir='ltr'>et</span> <span class='ocrx_word' id='word_1_254' title='bbox 653 1679 703 1716; x_wconf 86' lang='lat' dir='ltr'>Ven.</span> <span class='ocrx_word' id='word_1_255' title='bbox 715 1690 750 1715; x_wconf 84' lang='lat' dir='ltr'>ve-</span> 
     </span>
     <span class='ocr_line' id='line_1_32' title="bbox 37 1725 658 1781; baseline 0.003 -20"><span class='ocrx_word' id='word_1_256' title='bbox 37 1737 60 1761; x_wconf 85' lang='lat' dir='ltr'>re</span> <span class='ocrx_word' id='word_1_257' title='bbox 72 1726 185 1777; x_wconf 80' lang='lat' dir='ltr'>hahentfit</span> <span class='ocrx_word' id='word_1_258' title='bbox 191 1725 287 1781; x_wconf 56' lang='lat' dir='ltr'>sonsum</span> <span class='ocrx_word' id='word_1_259' title='bbox 300 1731 321 1766; x_wconf 88' lang='lat' dir='ltr'>in</span> <span class='ocrx_word' id='word_1_260' title='bbox 332 1729 384 1766; x_wconf 78' lang='lat' dir='ltr'>Brix.</span> <span class='ocrx_word' id='word_1_261' title='bbox 398 1731 419 1766; x_wconf 81' lang='lat' dir='ltr'>in</span> <span class='ocrx_word' id='word_1_262' title='bbox 429 1733 513 1777; x_wconf 84' lang='lat' dir='ltr'>prorsus</span> <span class='ocrx_word' id='word_1_263' title='bbox 524 1728 658 1765; x_wconf 78' lang='lat' dir='ltr'>desideretur.</span> 
     </span>
     <span class='ocr_line' id='line_1_33' title="bbox 38 1777 749 1828; baseline 0.006 -12"><span class='ocrx_word' id='word_1_264' title='bbox 38 1802 40 1804; x_wconf 39' lang='lat' dir='ltr'>v</span> <span class='ocrx_word' id='word_1_265' title='bbox 88 1782 131 1816; x_wconf 84' lang='lat' dir='ltr'>Vss.</span> <span class='ocrx_word' id='word_1_266' title='bbox 145 1781 183 1819; x_wconf 88' lang='grc'>875</span> <span class='ocrx_word' id='word_1_267' title='bbox 201 1787 222 1817; x_wconf 88' lang='lat' dir='ltr'>et</span> <span class='ocrx_word' id='word_1_268' title='bbox 240 1783 284 1820; x_wconf 84' lang='grc'>876,</span> <span class='ocrx_word' id='word_1_269' title='bbox 311 1779 430 1817; x_wconf 73' lang='lat' dir='ltr'>utscrobius</span> <span class='ocrx_word' id='word_1_270' title='bbox 444 1779 507 1816; x_wconf 79' lang='lat' dir='ltr'>affert</span> <span class='ocrx_word' id='word_1_271' title='bbox 522 1782 563 1816; x_wconf 79' lang='lat' dir='ltr'>Sat.</span> <span class='ocrx_word' id='word_1_272' title='bbox 574 1781 607 1826; x_wconf 82' lang='lat' dir='ltr'>VI,</span> <span class='ocrx_word' id='word_1_273' title='bbox 620 1777 637 1818; x_wconf 78' lang='grc'>4.</span> <span class='ocrx_word' id='word_1_274' title='bbox 653 1780 687 1828; x_wconf 85' lang='lat' dir='ltr'>(p.</span> <span class='ocrx_word' id='word_1_275' title='bbox 703 1781 749 1820; x_wconf 76' lang='lat'>176.</span> 
     </span>
     <span class='ocr_line' id='line_1_34' title="bbox 37 1827 746 1882; baseline 0.007 -19"><span class='ocrx_word' id='word_1_276' title='bbox 37 1827 94 1878; x_wconf 79' lang='lat' dir='ltr'>Rip.)</span> <span class='ocrx_word' id='word_1_277' title='bbox 106 1843 152 1868; x_wconf 91' lang='lat' dir='ltr'>cum</span> <span class='ocrx_word' id='word_1_278' title='bbox 163 1831 219 1882; x_wconf 81' lang='lat' dir='ltr'>Virg.</span> <span class='ocrx_word' id='word_1_279' title='bbox 230 1837 279 1870; x_wconf 84' lang='lat' dir='ltr'>Aen.</span> <span class='ocrx_word' id='word_1_280' title='bbox 291 1835 335 1880; x_wconf 84' lang='lat' dir='ltr'>VH,</span> <span class='ocrx_word' id='word_1_281' title='bbox 346 1833 365 1871; x_wconf 83' lang='lat'>9.</span> <span class='ocrx_word' id='word_1_282' title='bbox 377 1837 512 1881; x_wconf 76' lang='lat' dir='ltr'>comparatos.</span> <span class='ocrx_word' id='word_1_283' title='bbox 532 1830 603 1875; x_wconf 83' lang='lat' dir='ltr'>(Conf.</span> <span class='ocrx_word' id='word_1_284' title='bbox 616 1830 678 1868; x_wconf 78' lang='lat' dir='ltr'>etiem</span> <span class='ocrx_word' id='word_1_285' title='bbox 688 1831 746 1881; x_wconf 77' lang='lat' dir='ltr'>Virg.</span> 
     </span>
     <span class='ocr_line' id='line_1_35' title="bbox 37 1879 746 1932; baseline 0.01 -18"><span class='ocrx_word' id='word_1_286' title='bbox 37 1879 80 1915; x_wconf 85' lang='lat' dir='ltr'>Ecl.</span> <span class='ocrx_word' id='word_1_287' title='bbox 90 1882 141 1929; x_wconf 70' lang='lat' dir='ltr'>tut,</span> <span class='ocrx_word' id='word_1_288' title='bbox 153 1884 211 1932; x_wconf 89' lang='grc'>105.)</span> <span class='ocrx_word' id='word_1_289' title='bbox 226 1888 247 1923; x_wconf 83' lang='lat' dir='ltr'>in</span> <span class='ocrx_word' id='word_1_290' title='bbox 257 1885 335 1931; x_wconf 82' lang='lat' dir='ltr'>lucem]</span> <span class='ocrx_word' id='word_1_291' title='bbox 348 1882 378 1919; x_wconf 87' lang='lat' dir='ltr'>sic</span> <span class='ocrx_word' id='word_1_292' title='bbox 388 1884 437 1919; x_wconf 76' lang='lat' dir='ltr'>Hau.</span> <span class='ocrx_word' id='word_1_293' title='bbox 444 1881 503 1921; x_wconf 76' lang='lat' dir='ltr'>Wak.</span> <span class='ocrx_word' id='word_1_294' title='bbox 514 1881 589 1919; x_wconf 85' lang='lat' dir='ltr'>Eichst.</span> <span class='ocrx_word' id='word_1_295' title='bbox 600 1895 647 1918; x_wconf 84' lang='lat' dir='ltr'>cum</span> <span class='ocrx_word' id='word_1_296' title='bbox 654 1884 746 1922; x_wconf 76' lang='lat' dir='ltr'>uacroh.</span> 
     </span>
     <span class='ocr_line' id='line_1_36' title="bbox 39 1932 747 1984; baseline 0.008 -19"><span class='ocrx_word' id='word_1_297' title='bbox 39 1936 60 1965; x_wconf 90' lang='lat' dir='ltr'>et</span> <span class='ocrx_word' id='word_1_298' title='bbox 70 1933 163 1970; x_wconf 88' lang='lat' dir='ltr'>omnibus</span> <span class='ocrx_word' id='word_1_299' title='bbox 174 1934 242 1983; x_wconf 83' lang='lat' dir='ltr'>iihris,</span> <span class='ocrx_word' id='word_1_300' title='bbox 260 1941 344 1984; x_wconf 70' lang='lat' dir='ltr'>praeter</span> <span class='ocrx_word' id='word_1_301' title='bbox 354 1933 403 1970; x_wconf 85' lang='lat' dir='ltr'>Brit.</span> <span class='ocrx_word' id='word_1_302' title='bbox 414 1935 443 1980; x_wconf 88' lang='lat'>1.‚</span> <span class='ocrx_word' id='word_1_303' title='bbox 458 1933 493 1984; x_wconf 84' lang='lat' dir='ltr'>qui</span> <span class='ocrx_word' id='word_1_304' title='bbox 503 1933 557 1969; x_wconf 82' lang='lat' dir='ltr'>soius</span> <span class='ocrx_word' id='word_1_305' title='bbox 568 1932 631 1970; x_wconf 80' lang='lat' dir='ltr'>habet</span> <span class='ocrx_word' id='word_1_306' title='bbox 640 1933 747 1984; x_wconf 78' lang='lat' dir='ltr'>vulgatam</span> 
     </span>
     <span class='ocr_line' id='line_1_37' title="bbox 38 1983 747 2036; baseline 0.008 -18"><span class='ocrx_word' id='word_1_307' title='bbox 38 1983 116 2032; x_wconf 69' lang='lat' dir='ltr'>induci.</span> <span class='ocrx_word' id='word_1_308' title='bbox 137 1988 221 2024; x_wconf 85' lang='lat' dir='ltr'>Sensum</span> <span class='ocrx_word' id='word_1_309' title='bbox 229 1987 290 2025; x_wconf 79' lang='lat' dir='ltr'>Wsk.</span> <span class='ocrx_word' id='word_1_310' title='bbox 302 1986 332 2023; x_wconf 92' lang='lat' dir='ltr'>sic</span> <span class='ocrx_word' id='word_1_311' title='bbox 343 1985 437 2035; x_wconf 81' lang='lat' dir='ltr'>exponit:</span> <span class='ocrx_word' id='word_1_312' title='bbox 452 1985 499 2033; x_wconf 83' lang='lat' dir='ltr'>„ita</span> <span class='ocrx_word' id='word_1_313' title='bbox 508 1984 567 2032; x_wconf 71' lang='lat' dir='ltr'>&#39;prius</span> <span class='ocrx_word' id='word_1_314' title='bbox 578 1985 676 2032; x_wconf 79' lang='lat' dir='ltr'>iactatur,</span> <span class='ocrx_word' id='word_1_315' title='bbox 684 1999 747 2036; x_wconf 82' lang='lat' dir='ltr'>quam</span> 
     </span>
     <span class='ocr_line' id='line_1_38' title="bbox 38 2032 747 2088; baseline 0.011 -21"><span class='ocrx_word' id='word_1_316' title='bbox 38 2032 72 2068; x_wconf 82' lang='lat' dir='ltr'>lux</span> <span class='ocrx_word' id='word_1_317' title='bbox 86 2034 132 2082; x_wconf 82' lang='lat' dir='ltr'>fiat,</span> <span class='ocrx_word' id='word_1_318' title='bbox 151 2044 174 2073; x_wconf 87' lang='lat' dir='ltr'>ut</span> <span class='ocrx_word' id='word_1_319' title='bbox 189 2036 369 2088; x_wconf 76' lang='lat' dir='ltr'>appropinquante</span> <span class='ocrx_word' id='word_1_320' title='bbox 384 2037 431 2073; x_wconf 81' lang='lat' dir='ltr'>luce</span> <span class='ocrx_word' id='word_1_321' title='bbox 447 2037 490 2073; x_wconf 81' lang='lat' dir='ltr'>iam</span> <span class='ocrx_word' id='word_1_322' title='bbox 506 2038 628 2084; x_wconf 83' lang='lat' dir='ltr'>rarescat;“</span> <span class='ocrx_word' id='word_1_323' title='bbox 651 2038 747 2087; x_wconf 85' lang='lat' dir='ltr'>equidem</span> 
     </span>
     <span class='ocr_line' id='line_1_39' title="bbox 38 2083 747 2142; baseline 0.011 -24"><span class='ocrx_word' id='word_1_324' title='bbox 38 2083 119 2142; x_wconf 65' lang='lat' dir='ltr'>medim:</span> <span class='ocrx_word' id='word_1_325' title='bbox 142 2100 190 2125; x_wconf 90' lang='lat' dir='ltr'>cum</span> <span class='ocrx_word' id='word_1_326' title='bbox 202 2097 262 2127; x_wconf 84' lang='lat' dir='ltr'>aestu</span> <span class='ocrx_word' id='word_1_327' title='bbox 272 2089 294 2126; x_wconf 92' lang='lat' dir='ltr'>in</span> <span class='ocrx_word' id='word_1_328' title='bbox 305 2089 361 2125; x_wconf 88' lang='lat' dir='ltr'>diem</span> <span class='ocrx_word' id='word_1_329' title='bbox 374 2094 480 2125; x_wconf 88' lang='lat' dir='ltr'>crescente</span> <span class='ocrx_word' id='word_1_330' title='bbox 490 2087 556 2138; x_wconf 79' lang='lat' dir='ltr'>magis</span> <span class='ocrx_word' id='word_1_331' title='bbox 567 2088 676 2139; x_wconf 76' lang='lat' dir='ltr'>magisque</span> <span class='ocrx_word' id='word_1_332' title='bbox 687 2102 747 2126; x_wconf 82' lang='lat' dir='ltr'>rare-</span> 
     </span>
     <span class='ocr_line' id='line_1_40' title="bbox 38 2141 747 2192; baseline 0.013 -22"><span class='ocrx_word' id='word_1_333' title='bbox 38 2141 87 2181; x_wconf 80' lang='lat' dir='ltr'>scit3</span> <span class='ocrx_word' id='word_1_334' title='bbox 100 2150 182 2186; x_wconf 89' lang='lat' dir='ltr'>prorsus</span> <span class='ocrx_word' id='word_1_335' title='bbox 192 2147 285 2192; x_wconf 88' lang='lat' dir='ltr'>utsupra</span> <span class='ocrx_word' id='word_1_336' title='bbox 296 2154 315 2180; x_wconf 90' lang='lat' dir='ltr'>v.</span> <span class='ocrx_word' id='word_1_337' title='bbox 326 2141 443 2181; x_wconf 58' lang='lat' dir='ltr'>tremitis</span> <span class='ocrx_word' id='word_1_338' title='bbox 454 2143 475 2179; x_wconf 83' lang='lat' dir='ltr'>in</span> <span class='ocrx_word' id='word_1_339' title='bbox 486 2151 583 2178; x_wconf 76' lang='lat' dir='ltr'>aestarent</span> <span class='ocrx_word' id='word_1_340' title='bbox 594 2145 672 2186; x_wconf 77' lang='lat' dir='ltr'>crescit,</span> <span class='ocrx_word' id='word_1_341' title='bbox 686 2154 747 2192; x_wconf 83' lang='lat' dir='ltr'>quem</span> 
     </span>
     <span class='ocr_line' id='line_1_41' title="bbox 37 2184 360 2243; baseline 0.019 -21"><span class='ocrx_word' id='word_1_342' title='bbox 37 2184 107 2225; x_wconf 87' lang='lat' dir='ltr'>locum</span> <span class='ocrx_word' id='word_1_343' title='bbox 118 2191 165 2229; x_wconf 81' lang='lat' dir='ltr'>Hav.</span> <span class='ocrx_word' id='word_1_344' title='bbox 176 2192 218 2229; x_wconf 80' lang='lat' dir='ltr'>iam</span> <span class='ocrx_word' id='word_1_345' title='bbox 228 2198 343 2243; x_wconf 81' lang='lat' dir='ltr'>comparat.</span> <span class='ocrx_word' id='word_1_346' title='bbox 356 2217 360 2221; x_wconf 80' lang='lat'><em>-</em></span> 
     </span>
    </p>

    <p class='ocr_par' dir='ltr' id='par_1_10' title="bbox 38 2240 780 2505">
     <span class='ocr_line' id='line_1_42' title="bbox 89 2240 745 2295; baseline 0.006 -18"><span class='ocrx_word' id='word_1_347' title='bbox 89 2240 133 2281; x_wconf 89' lang='grc'>878.</span> <span class='ocrx_word' id='word_1_348' title='bbox 159 2246 266 2295; x_wconf 73' lang='lat' dir='ltr'>Dimittat]</span> <span class='ocrx_word' id='word_1_349' title='bbox 287 2244 352 2294; x_wconf 79' lang='lat' dir='ltr'>Lugd.</span> <span class='ocrx_word' id='word_1_350' title='bbox 363 2244 381 2283; x_wconf 88' lang='lat'>1.</span> <span class='ocrx_word' id='word_1_351' title='bbox 392 2244 410 2282; x_wconf 74' lang='lat'>2.</span> <span class='ocrx_word' id='word_1_352' title='bbox 427 2241 487 2280; x_wconf 87' lang='lat' dir='ltr'>Vind.</span> <span class='ocrx_word' id='word_1_353' title='bbox 504 2241 580 2290; x_wconf 65' lang='lat' dir='ltr'>fragm.</span> <span class='ocrx_word' id='word_1_354' title='bbox 595 2243 656 2281; x_wconf 80' lang='lat' dir='ltr'>Vind.</span> <span class='ocrx_word' id='word_1_355' title='bbox 674 2245 745 2291; x_wconf 78' lang='lat' dir='ltr'>Poon,</span> 
     </span>
     <span class='ocr_line' id='line_1_43' title="bbox 39 2292 745 2345; baseline 0.011 -22"><span class='ocrx_word' id='word_1_356' title='bbox 39 2299 109 2326; x_wconf 91' lang='lat' dir='ltr'>omnes</span> <span class='ocrx_word' id='word_1_357' title='bbox 119 2292 175 2331; x_wconf 81' lang='lat' dir='ltr'>editt.</span> <span class='ocrx_word' id='word_1_358' title='bbox 182 2303 230 2333; x_wconf 87' lang='lat' dir='ltr'>vett.</span> <span class='ocrx_word' id='word_1_359' title='bbox 239 2303 259 2333; x_wconf 90' lang='lat' dir='ltr'>et</span> <span class='ocrx_word' id='word_1_360' title='bbox 264 2297 362 2335; x_wconf 72' lang='lat' dir='ltr'>Priscian.</span> <span class='ocrx_word' id='word_1_361' title='bbox 376 2295 419 2344; x_wconf 85' lang='lat' dir='ltr'>(qui</span> <span class='ocrx_word' id='word_1_362' title='bbox 431 2296 463 2337; x_wconf 73' lang='lat' dir='ltr'>Vt.</span> <span class='ocrx_word' id='word_1_363' title='bbox 472 2292 620 2342; x_wconf 52' lang='grc'>47819885.</span> <span class='ocrx_word' id='word_1_364' title='bbox 633 2296 663 2345; x_wconf 75' lang='grc'>1).)</span> <span class='ocrx_word' id='word_1_365' title='bbox 675 2296 745 2331; x_wconf 86' lang='lat' dir='ltr'>iaudat</span> 
     </span>
     <span class='ocr_line' id='line_1_44' title="bbox 38 2342 780 2398; baseline 0 -16"><span class='ocrx_word' id='word_1_366' title='bbox 38 2350 68 2376; x_wconf 82' lang='lat' dir='ltr'>VV·</span> <span class='ocrx_word' id='word_1_367' title='bbox 81 2342 123 2382; x_wconf 76' lang='grc'>877.</span> <span class='ocrx_word' id='word_1_368' title='bbox 136 2346 179 2385; x_wconf 87' lang='grc'>878.</span> <span class='ocrx_word' id='word_1_369' title='bbox 189 2347 321 2398; x_wconf 80' lang='lat' dir='ltr'>primamque</span> <span class='ocrx_word' id='word_1_370' title='bbox 333 2359 406 2384; x_wconf 78' lang='lat' dir='ltr'>vocem</span> <span class='ocrx_word' id='word_1_371' title='bbox 417 2343 473 2395; x_wconf 85' lang='grc'>879.)</span> <span class='ocrx_word' id='word_1_372' title='bbox 488 2348 595 2394; x_wconf 80' lang='lat' dir='ltr'>Demitmt,</span> <span class='ocrx_word' id='word_1_373' title='bbox 609 2346 688 2397; x_wconf 77' lang='lat' dir='ltr'>vulgari</span> <span class='ocrx_word' id='word_1_374' title='bbox 698 2359 745 2396; x_wconf 88' lang='lat' dir='ltr'>per·</span> <span class='ocrx_word' id='word_1_375' title='bbox 776 2360 780 2365; x_wconf 80' lang='grc'><em>·</em></span> 
     </span>
     <span class='ocr_line' id='line_1_45' title="bbox 38 2393 744 2452; baseline 0.013 -27"><span class='ocrx_word' id='word_1_376' title='bbox 38 2393 158 2434; x_wconf 80' lang='lat' dir='ltr'>mutatione.</span> <span class='ocrx_word' id='word_1_377' title='bbox 172 2420 198 2426; x_wconf 83' lang='lat'><em>-</em></span> <span class='ocrx_word' id='word_1_378' title='bbox 211 2400 280 2452; x_wconf 72' lang='lat' dir='ltr'>quasi}</span> <span class='ocrx_word' id='word_1_379' title='bbox 302 2399 364 2439; x_wconf 82' lang='lat' dir='ltr'>Prisc.</span> <span class='ocrx_word' id='word_1_380' title='bbox 380 2410 391 2436; x_wconf 85' lang='lat' dir='ltr'>e</span> <span class='ocrx_word' id='word_1_381' title='bbox 405 2397 460 2448; x_wconf 81' lang='lat' dir='ltr'>vulg.</span> <span class='ocrx_word' id='word_1_382' title='bbox 476 2397 532 2436; x_wconf 84' lang='lat' dir='ltr'>editt.</span> <span class='ocrx_word' id='word_1_383' title='bbox 547 2413 618 2449; x_wconf 80' lang='lat' dir='ltr'>quum,</span> <span class='ocrx_word' id='word_1_384' title='bbox 641 2397 744 2435; x_wconf 85' lang='lat' dir='ltr'>eKrehlii</span> 
     </span>
     <span class='ocr_line' id='line_1_46' title="bbox 39 2441 692 2505; baseline 0.006 -20"><span class='ocrx_word' id='word_1_385' title='bbox 39 2441 99 2479; x_wconf 72' lang='lat' dir='ltr'>Codd·</span> <span class='ocrx_word' id='word_1_386' title='bbox 110 2450 163 2498; x_wconf 77' lang='lat' dir='ltr'>quic.</span> <span class='ocrx_word' id='word_1_387' title='bbox 177 2470 201 2477; x_wconf 90' lang='lat'><em>-</em></span> <span class='ocrx_word' id='word_1_388' title='bbox 215 2452 293 2505; x_wconf 84' lang='lat' dir='ltr'>gelmu]</span> <span class='ocrx_word' id='word_1_389' title='bbox 308 2451 355 2489; x_wconf 79' lang='lat' dir='ltr'>Brit.</span> <span class='ocrx_word' id='word_1_390' title='bbox 369 2452 387 2490; x_wconf 82' lang='lat'>1.</span> <span class='ocrx_word' id='word_1_391' title='bbox 398 2451 451 2504; x_wconf 82' lang='lat' dir='ltr'>gelu.</span> <span class='ocrx_word' id='word_1_392' title='bbox 480 2449 554 2497; x_wconf 72' lang='lat' dir='ltr'>(Cous.</span> <span class='ocrx_word' id='word_1_393' title='bbox 566 2449 592 2486; x_wconf 79' lang='lat' dir='ltr'>sd</span> <span class='ocrx_word' id='word_1_394' title='bbox 602 2452 624 2498; x_wconf 84' lang='lat' dir='ltr'>V,</span> <span class='ocrx_word' id='word_1_395' title='bbox 635 2451 692 2498; x_wconf 70' lang='lat'>206.)</span> 
     </span>
    </p>

    <p class='ocr_par' dir='ltr' id='par_1_11' title="bbox 68 2507 593 2558">
     <span class='ocr_line' id='line_1_47' title="bbox 68 2507 593 2558; baseline 0.01 -19"><span class='ocrx_word' id='word_1_396' title='bbox 68 2511 181 2545; x_wconf 63' lang='lat' dir='ltr'>tironenses.</span> <span class='ocrx_word' id='word_1_397' title='bbox 551 2507 570 2544; x_wconf 69' lang='lat' dir='ltr'>t</span> <span class='ocrx_word' id='word_1_398' title='bbox 579 2521 593 2558; x_wconf 76' lang='lat' dir='ltr'>y</span> 
     </span>
    </p>
   </div>
   <div class='ocr_carea' id='block_1_3' title="bbox 0 0 850 2654">
    <p class='ocr_par' dir='ltr' id='par_1_12' title="bbox 0 0 850 2654">
     <span class='ocr_line' id='line_1_48' title="bbox 0 0 850 2654; baseline 0 0"><span class='ocrx_word' id='word_1_399' title='bbox 0 0 850 2654; x_wconf 95' lang='lat' dir='ltr'> </span> 
     </span>
    </p>
   </div>
  </div>
 </body>
</html>
