1690 2654
228 104 269 145 an
285 93 420 141 murum
437 83 588 133 seusun.
720 90 769 137 517

2 247 4 250 .
50 216 189 269 plurimarum
206 212 264 251 editt.
280 214 329 248 vett,
343 204 457 244 lectionem
471 201 494 240 in
511 207 631 240 contextum
647 200 768 248 revocavit3

51 271 149 318 idemque
159 266 201 303 iam
212 268 304 302 suaserat
316 258 433 302 Bentleius,
451 255 487 305 qui
497 260 569 291 tamen
581 265 641 291 voces
658 257 721 293 etiam
731 256 768 306 pi-

51 325 94 375 gris
104 321 147 357 sine
159 329 221 361 causa
231 316 307 353 idonea
316 307 450 359 transpositas
460 306 533 352 voluit,
547 311 571 342 ut
580 308 648 358 pigris
661 307 768 355 epitheton

52 374 78 411 sit
91 372 116 410 ad
127 372 200 417 bubus,
213 378 295 405 memor
307 364 407 406 fortasse,
421 365 445 396 ut
455 357 516 397 Wak.
527 364 609 403 censet,
624 360 693 395 Horat.
704 359 768 409 Epist.

52 423 110 472 I,14,
122 423 154 461 43.
166 429 186 457 et
197 419 254 459 Ovid.
263 419 313 455 Her.
323 417 377 461 XVI,
385 414 418 452 56.
432 414 484 448 tunt.
496 417 516 447 et
528 410 572 447 Ald.
584 411 603 449 2.
618 409 696 448 hahent
703 427 768 462 pecu-

53 480 112 522 dum
126 473 188 522 uulgo
195 471 263 508 editur
271 469 365 521 petubas,
374 461 488 502 eLamhini
497 462 625 510 coniectura,
631 475 695 513 quam
704 464 768 515 igitur

52 528 144 565 formam
154 521 251 561 Buddim.
263 523 314 558 lust.
327 519 360 555 Gr.
371 519 384 553 t.
396 529 416 565 p.
428 516 472 554 101.
483 521 526 553 not.
540 513 572 555 49.
585 514 717 553 et‘Schneid.
731 517 767 552 Gr.

52 580 127 617 Lattt.
136 589 156 626 p.
161 576 252 614 339.ncn
258 584 282 609 ex
291 571 332 607 hoc
342 569 391 605 loco
400 567 491 617 probare
500 567 626 604 debuissent.
640 588 666 594 -
680 569 769 606 balami-

53 632 102 676 bus]
115 626 180 678 Lugd.
193 627 210 664 1.
219 626 239 665 2.
251 622 311 660 Vind.
322 621 398 671 fragm.
412 619 471 657 Vind.
482 620 532 660 Brit.
545 620 563 658 1.
575 620 595 658 3.
608 620 666 657 Cant.
681 622 769 659 calanti-

53 683 98 729 bus,
113 679 142 717 Pii
152 677 214 715 Codd.
226 675 322 728 quidam,
341 675 394 710 [unt.
405 677 427 708 et
437 671 483 711 Aid.
495 673 513 711 Ξ.
524 672 637 721 balatibus,
651 671 707 709 Brix.
720 672 768 709 Ver.

52 735 103 770 Veri.
116 730 160 768 Ald.
172 731 190 769 1.
200 731 249 766 Bon.
267 726 375 766 talaribus.
388 745 414 751 —-
427 727 513 778 aegros]
528 723 557 761 sic
570 723 629 762 Wak.
647 735 696 762 cum
706 723 767 764 Vind.

52 786 112 822 Poor.
124 782 172 819 Brit.
183 778 227 820 13.
239 782 296 817 Cant.
308 777 359 816 Brix.
369 780 417 816 Ver.
425 778 487 823 Ven.;
497 776 519 812 in
530 789 594 826 quam
604 775 718 825 lecticnem
730 776 769 813 du-

53 841 103 873 cunt
113 834 175 870 etiam
185 836 238 870 lunt.
253 837 273 868 et
283 829 328 867 Ald.
338 831 372 878 2,,
391 831 460 879 aegris
472 828 601 878 praebentes.
628 825 674 867 Aid.
686 831 704 867 1.
717 830 768 866 Bon.

53 902 125 938 aegre,·
137 885 200 935 vuigo
211 899 294 937 aegror,
309 880 365 931 quod
377 880 448 918 nescio
462 893 499 918 cur
509 879 592 918 Meister
603 879 716 929 praeferat.

41 974 49 987 ,
105 937 161 977 1133.
188 934 288 984 advorso]
309 935 366 971 Cant.
376 931 428 971 Brix.
444 935 490 971 Ver.
501 934 550 972 Ven.
566 934 593 971 ad
607 935 700 979 diverso,
720 930 767 971 Ald.

55 990 73 1029 1.
83 992 131 1028 Bon.
143 990 167 1027 ab
178 990 265 1037 diversa,
278 986 328 1027 Brit.
342 987 360 1025 1.
372 988 425 1022 Iunt.
435 984 479 1022 Atd.
490 987 508 1024 2.
522 987 609 1023 diversa.
622 1006 648 1012 —
662 984 766 1034 mutemus]

53 1042 102 1079 Brit.
112 1043 131 1081 3.
142 1042 248 1079 mittemus.
261 1062 287 1067 -
301 1037 409 1087 amictum]
423 1037 482 1076 Vind.
498 1043 518 1074 et
527 1039 587 1074 Poor.
597 1039 696 1084 enricum,
710 1035 768 1073 cuius

53 1092 155 1142 scriptura
171 1103 192 1131 er
205 1093 304 1131 coelum
318 1101 416 1130 mutemus
431 1093 517 1129 anticum
533 1088 663 1126 Wakefietdo
680 1088 769 1126 minime

54 1144 159 1194 displicet,
172 1144 202 1180 ita
211 1149 294 1190 tamen,
307 1149 330 1179 ut
341 1148 439 1192 receptae
452 1141 538 1179 lectioni
551 1141 625 1178 cedere
637 1140 718 1179 debeat.
743 1142 769 1177 Et

52 1195 98 1232 iure
110 1195 200 1244 quidem.
228 1197 284 1235 Coeli
293 1194 381 1231 amictus
394 1193 450 1231 idem
466 1199 505 1241 est,
525 1193 586 1243 quod,
595 1193 703 1229 Lucretius
718 1191 769 1230 atihi

54 1248 85 1297 (I,
95 1248 139 1286 987.
154 1249 183 1295 ΙΙ,
194 1249 239 1287 662.
255 1249 278 1292 V.
291 1246 359 1297 1015.)
374 1247 426 1285 coeli
435 1256 515 1299 tegmen
526 1250 643 1294 nuncupat5
663 1243 769 1282 similiter-

54 1311 94 1350 que
105 1301 219 1337 Varronem
235 1298 360 1350 (ubinam?)
381 1299 432 1337 coeli
444 1300 510 1336 velum
526 1296 606 1345 dicere,
624 1295 725 1334 Columna
741 1296 768 1334 ad

53 1350 142 1388 Ennium
154 1364 174 1401 p.
186 1353 232 1390 201.
249 1353 281 1401 [p.
296 1353 339 1391 121.
351 1351 421 1397 Hess.)
436 1349 544 1399 perhibet,
564 1349 600 1386 ubi
618 1347 700 1386 coelum
716 1363 768 1388 cova

54 1405 133 1441 cortina
143 1403 267 1453 appellatur.

54 1478 56 1481 v
105 1453 162 1493 1131.
189 1457 241 1494 ultro
252 1454 338 1504 natura]
353 1456 398 1493 tat.
409 1452 505 1491 Lambini
516 1455 569 1491 vitro
580 1463 661 1499 natura,
676 1450 768 1489 eiusdem

54 1507 138 1545 Menam.
149 1507 202 1543 Tett.
215 1508 299 1553 Faern,
317 1513 341 1544 ut
353 1506 419 1557 Lugd.
430 1507 449 1544 2.
463 1507 524 1544 Poor.
536 1506 592 1542 Cant.
597 1534 603 1553 ,
622 1507 673 1543 vitio
685 1515 767 1551 natura,

53 1557 115 1598 Vind.
126 1558 174 1599 Brit.
186 1560 203 1598 1.
215 1558 436 1598 sentententia.
449 1559 468 1597 2.
478 1560 532 1596 intro
545 1568 626 1606 natura,
639 1557 694 1593 Iunt.
707 1568 768 1594 natu·

2 1640 4 1646 .
54 1624 98 1648 ram
108 1612 167 1657 intro,
180 1609 225 1648 Ald.
238 1613 255 1650 1.
265 1613 315 1649 Bon.
327 1622 405 1649 natura
414 1612 475 1648 ultro.
506 1611 563 1648 Ultro
575 1615 652 1654 autem,
667 1607 727 1647 Wak.
735 1607 769 1644 in-

53 1666 156 1711 terprete,
175 1661 231 1700 valet
243 1662 305 1712 „sine
314 1669 385 1700 nostra
400 1674 464 1712 opera
475 1667 495 1699 et
504 1660 671 1712 peregrinatione
683 1659 768 1698 deloco

54 1712 76 1749 in
87 1713 180 1752 loenm.“
194 1735 220 1745 -
233 1716 352 1767 comptum]
370 1715 400 1751 ita
417 1713 477 1753 Wak.
490 1714 574 1764 scripsit
591 1726 639 1750 cum
648 1714 693 1750 tat.
703 1715 767 1750 Lam-

54 1763 99 1801 bini
117 1771 138 1802 et
159 1765 211 1805 Brit.
228 1767 259 1815 3.‚
278 1766 313 1804 cui
328 1766 522 1816 proxime'accedit
543 1765 619 1816 fragm.
633 1764 706 1813 Vind.,
733 1779 769 1803 co-

55 1828 155 1869 rumptum
172 1818 280 1865 exhibens,
299 1817 365 1869 Lugd.
379 1821 398 1857 1.
414 1819 434 1857 9.
450 1829 594 1868 corrumptitm,
616 1817 680 1854 ceteri
695 1827 768 1853 omnes

56 1880 176 1921 corruptum.
197 1873 224 1907 At
234 1883 298 1921 quum
308 1871 406 1921 quintum
416 1870 533 1907 hexametri
542 1869 617 1918 pedem
626 1867 769 1918 amphimacer

57 1919 139 1958 efficere
149 1934 192 1959 non
207 1922 282 1971 possit,
296 1922 406 1961 Turnebus
421 1922 528 1968 (Adverss.
537 1923 605 1968 XXII,
619 1922 663 1968 19.)
678 1919 769 1957 coniecit

56 1983 164 2019 cruentum,
173 1972 186 2011 i.
195 1973 337 2020 effoedatum,
345 1974 484 2024 inquinatum,
497 1973 552 2024 quod
562 1984 633 2010 omnes
644 1972 702 2010 editt.
713 1972 768 2022 vulg.
784 1992 792 1997 »

57 2024 174 2073 occupavit,
200 2025 248 2075 quia
264 2026 307 2064 ioci
322 2029 356 2074 IV,
369 2027 425 2065 1033.
438 2031 458 2062 et
466 2027 489 2075 t‘,
506 2026 563 2065 1137.
582 2025 652 2061 favere
665 2023 768 2063 videntur.

56 2073 106 2122 Sed,
120 2088 184 2126 quum
197 2077 260 2117 Codd.
272 2077 311 2128 ipsi
327 2078 368 2115 hoc
383 2077 491 2125 suadeant,
512 2076 624 2115 consultius
640 2075 722 2114 videtur
731 2088 768 2113 su-

56 2137 124 2185 mere,
144 2128 277 2177 Lucretium,
296 2136 320 2167 ut
336 2129 428 2168 comicos
443 2129 499 2166 haud
516 2141 576 2177 raro,
599 2128 670 2177 (conf.
685 2133 769 2178 praeter
820 2174 822 2177 r

56 2176 106 2215 ahos
116 2179 211 2221 Schneid.
224 2182 258 2221 Gr.
270 2183 316 2220 Lat.
326 2184 341 2220 I.
351 2195 370 2231 p.
383 2181 422 2221 735
432 2183 472 2231 sS.)
488 2179 609 2230 aphaeresin
620 2179 705 2218 alterius
718 2192 768 2217 con·

56 2241 118 2289 sonae
128 2231 162 2269 hic
172 2232 284 2284 aliquando
297 2233 334 2271 sibi
347 2233 463 2282 indulsisse,
473 2233 528 2284 quod
537 2246 561 2270 eo
574 2233 640 2283 magis
651 2232 717 2280 licuit,
726 2243 767 2282 quo

56 2293 135 2334 saepius
148 2285 285 2335 antiquissimi
297 2286 399 2334 Romani,
417 2286 502 2323 omnino
513 2285 622 2337 geminatis
634 2282 767 2322 consonanti-

56 2331 94 2370 bus
108 2335 174 2373 rarius
185 2338 227 2386 usi,
246 2351 319 2386 voces,
338 2339 402 2375 serius
418 2344 538 2375 constanter
548 2351 596 2375 cum
608 2336 684 2386 duplici
695 2353 706 2373 r
716 2334 767 2372 scri-

56 2390 108 2433 ptae,
115 2399 162 2424 cum
169 2401 211 2426 uno
219 2392 282 2429 modo
292 2390 427 2439 scripserunt,
435 2390 484 2438 (vid.
493 2390 588 2428 Schneid.
596 2389 646 2427 ibid.
656 2401 675 2437 p.
681 2386 766 2433 tasse).

57 2442 78 2472 et
86 2437 138 2496 iilud
146 2455 160 2478 n
170 2440 232 2479 finale
247 2442 405 2494 praepositionis
418 2458 454 2480 con
468 2442 512 2480 aliis
525 2443 589 2480 etiam
598 2442 618 2478 in
628 2440 695 2477 verbis
709 2450 766 2476 com-

56 2490 128 2540 positis
139 2493 261 2536 omiserunt
289 2494 362 2547 (tons.
373 2494 455 2542 Quinct.
466 2498 515 2536 Inst.
526 2498 545 2544 I,
558 2496 576 2535 7.
589 2497 606 2542 ἓ.
617 2494 649 2532 29.
661 2498 681 2529 et
687 2489 766 2529 Gellius
