1690 2654
83 59 131 106 520
305 62 577 106 ANNOTATIONES

81 178 144 224 ptum
159 177 241 220 censet,
260 172 296 221 (ut
310 171 353 212 iam
362 173 436 213 Lamh.
446 180 560 225 utrumque
571 187 653 214 versum
665 175 710 216 748.
723 182 743 214 et
753 173 798 216 749.

81 224 162 275 spurios
174 224 274 275 habuit);
288 225 374 265 Bentleii
386 226 487 278 denique:
512 231 539 266 Ut
550 230 608 267 lacus
617 240 648 268 est
660 234 680 267 0.
690 232 745 280 apud
756 231 800 268 acri

81 276 161 328 suffere
171 288 260 327 montes,
279 276 301 315 in
311 278 386 329 primis
396 285 478 317 tantum
488 279 556 317 verbis
566 280 667 318 recedens
679 294 691 319 a
704 280 800 319 salmasii

81 329 240 379 emendatione,
258 330 319 369 nobis
328 338 376 381 post
391 331 453 372 Wak.
465 338 486 370 et
498 331 573 371 Eichst.
585 340 677 383 recepta.
703 333 800 373 Poenitet

79 380 127 420 fere
137 383 238 433 temporis
247 395 365 435 operaeque
375 382 398 421 in
409 383 441 422 his
451 383 513 422 variis
523 384 672 422 tentaminihus
682 385 799 424 referendis

80 440 215 483 consumtae⁷
229 448 283 485 quae
293 442 377 487 tamen,
395 448 423 474 ne
440 436 490 488 quid
506 436 560 475 desit
570 437 596 474 ad
606 437 692 488 plenam
708 438 798 488 copiam,

78 486 169 525 reticere
181 486 294 529 noluimus,
550 521 552 526 .
611 512 613 514 -

88 553 91 557 ’
131 538 177 578 749.
206 540 309 593 oppleret]
322 540 414 579 Turneh.
422 540 438 580 1.
448 554 466 580 c.
478 546 499 579 et
510 541 582 581 Lamb.
595 541 651 579 male
663 540 799 580 coniecerunt

77 594 178 645 Pompeii,
184 597 207 629 ut
215 592 317 630 nimirum
329 593 429 643 oppidum
434 593 487 631 illud
494 593 654 631 celeberrimum
661 593 797 644 intelligatur,

79 655 104 681 er
115 643 213 682 incendio
223 644 307 683 Vesuvii
317 644 421 682 cineribus
433 645 538 682 obrutum.
552 664 579 674 —
592 648 663 691 ancti]
683 644 712 683 sic
725 657 798 683 omnes

77 695 125 733 fere
135 695 190 743 libri,
204 708 263 747 quos,
277 696 411 734 suadentibus
420 696 462 733 iam
469 694 585 744 Parrhasio,
598 696 703 745 Turneho,
718 696 797 734 Salma-

78 747 223 837 siodaliisque,
241 747 302 787 Wak.
320 754 420 800 sequutus
435 754 477 797 est3
496 748 559 800 vulgo
576 760 660 799 auctus,
677 749 763 787 utBrit.
778 751 797 789 3.

78 800 105 836 Al
122 801 157 838 .1.
172 802 223 839 Bon.

129 851 175 941 720.
202 850 317 903 moenibus]
331 853 381 894 Ver.
393 853 445 893 Ven,
457 852 569 903 mentibus,
586 852 646 894 Bodl.
655 851 701 891 Ald.
711 853 730 892 1.
746 854 797 891 aon.

77 914 141 943 monti
155 919 185 942 us.

129 955 175 995 751.
204 955 331 1004 Tritonidis]
343 954 440 994 itaWak.
452 954 567 997 ciunVind.
578 954 654 1008 fragm.
665 955 795 995 VindPoor.

78 1009 137 1045 Cant.
145 1006 198 1045 Brix.
209 1009 258 1045 Ver.
270 1009 322 1048 Ven.
334 1006 380 1045 Ald.
393 1009 410 1046 1.
422 1010 472 1044 Bon.
480 1038 492 1056 ‚7
500 1020 566 1058 quum
577 1008 640 1045 etiam
650 1008 700 1045 lihri
712 1010 757 1045 hlss.
769 1007 798 1046 ad

76 1057 135 1110 Virg.
145 1062 195 1097 Aen.
206 1062 231 1109 II,
242 1060 288 1099 226.
300 1072 344 1097 non
354 1058 416 1096 aliter
426 1059 529 1105 habeant3
543 1059 606 1110 vulgo
620 1062 744 1098 Tritonidos.

129 1110 176 1150 755.
201 1110 302 1163 Pervigili
316 1115 391 1158 cansa]
410 1111 493 1157 „Huius
507 1110 623 1161 scripturae
640 1111 744 1149 rationem
753 1122 797 1148 non

78 1161 119 1199 erit
133 1161 198 1200 facile
212 1162 327 1211 explicare,
339 1162 380 1200 nisi
392 1162 437 1212 quis
453 1162 519 1207 dicat,
532 1162 609 1200 iratam
621 1162 717 1200 coronidi
732 1163 797 1200 fuisse

76 1213 206 1262 Minervam,
224 1213 272 1265 quia
283 1213 449 1266 pervigilaverit‚
467 1220 491 1252 ut
502 1213 661 1252 Erichthonium
675 1214 697 1251 in
710 1227 735 1252 ea
744 1214 797 1253 cista

76 1265 182 1303 inclusum
191 1265 294 1304 videret.“
307 1265 341 1303 Sic
350 1267 434 1313 Lauda,
448 1278 461 1303 a
474 1278 515 1316 quo
525 1278 568 1302 non
579 1265 673 1303 dissentit
682 1266 742 1306 Wak.
757 1268 797 1303 Fa-

77 1316 118 1354 ber
129 1323 206 1367 censet,
222 1316 366 1365 „Lucretium
375 1316 428 1354 alios
439 1323 551 1368 sequutum
560 1329 605 1355 esse
615 1323 718 1366 auctores,
732 1330 796 1368 quam

78 1370 115 1418 qui
125 1368 152 1406 ad
162 1381 200 1406 nos
210 1368 375 1418 pervenerint;“
389 1369 474 1407 Greech.
487 1381 537 1405 vero
549 1369 642 1418 apposite
653 1368 725 1407 laudat
737 1369 796 1411 Ovid.

75 1421 131 1458 Met.
143 1423 167 1469 II,
178 1421 223 1462 557.
250 1422 298 1458 Non
307 1419 373 1472 igitur
382 1432 433 1471 opus
444 1426 475 1457 est
483 1420 581 1459 Lambini
593 1420 714 1465 coniectura
724 1424 796 1460 Pervi-

77 1475 119 1525 gil·
136 1473 163 1518 (i.
175 1485 193 1512 e.
207 1472 302 1517 assidua)
321 1488 377 1511 cura.

128 1524 173 1563 756.
200 1524 270 1575 Vulgo
285 1526 324 1562 hoc
338 1523 425 1573 ponitur
439 1528 486 1572 post
497 1524 549 1571 loci,
569 1522 627 1573 quod
639 1522 699 1561 Wak.
716 1522 795 1573 primus

77 1572 155 1625 omisit,
168 1575 234 1627 Lugd.
246 1578 265 1615 1.
274 1577 293 1615 2.
304 1577 366 1623 Poor.
379 1575 429 1614 Brit.
441 1575 460 1613 1.
471 1576 491 1614 3.
504 1576 563 1614 Cant.
576 1574 655 1624 (Brix.)
669 1576 729 1623 (Ver.
741 1577 794 1614 Ven.

75 1627 144 1674 lunt.)
159 1633 179 1664 et
193 1627 238 1667 Ald.
246 1629 266 1667 2.
277 1633 383 1678 sequutus.
408 1624 462 1662 Illud
474 1628 518 1673 hoc,
531 1625 621 1663 fortasse
630 1625 652 1663 in
662 1626 711 1663 solis
723 1625 767 1663 Ald.
777 1627 795 1664 1,

75 1678 126 1716 Bon.
137 1678 281 1728 conspicuum,
293 1684 366 1728 aperte
376 1678 478 1715 insertum
488 1683 525 1723 est,
538 1683 563 1714 ut
573 1677 642 1715 hiatus
653 1677 747 1727 evitetur,
759 1678 796 1729 qui

75 1734 147 1766 tamen
165 1729 187 1766 in
202 1742 289 1768 caesura
299 1741 369 1767 versus
385 1728 497 1767 commode
512 1726 565 1766 ferri
580 1735 656 1778 potest.
668 1749 695 1758 —
708 1729 793 1782 suapte]

75 1779 106 1817 sic
118 1780 171 1818 ilar.¹
180 1787 202 1818 et
212 1781 272 1819 Wak.
283 1794 332 1819 cum
343 1780 438 1830 plurimis
447 1779 516 1827 libris,
536 1779 637 1818 suadente
649 1780 712 1818 etiam
721 1779 794 1818 Vossio

75 1831 103 1869 ad
114 1832 185 1871 Catuli.
198 1834 287 1882 p.-113.;
300 1832 363 1883 vulgo
373 1848 411 1871 sua
421 1834 453 1874 ni,
468 1837 492 1869 ut
503 1826 552 1869 Brit.
563 1834 581 1871 1.
591 1833 611 1871 3.

127 1884 172 1923 757.
199 1899 278 1937 quoqne
290 1905 317 1913 -
328 1888 392 1930 item]
407 1883 465 1921 nont.
479 1883 508 1919 adv
516 1884 539 1935 ll,
548 1882 593 1923 246.
605 1888 627 1919 et
639 1882 684 1922 750.
698 1883 746 1923 coll.
756 1896 794 1922 an-

75 1939 151 1972 notatt.
169 1935 196 1973 ad
206 1938 244 1982 Ill,
260 1937 305 1976 293.
318 1937 352 1984 IV,
367 1937 413 1975 987.
429 1935 454 1981 V,
468 1932 513 1975 154.
530 1936 571 1983 VI,
585 1935 630 1974 503.
649 1941 690 1985 etc,
703 1935 731 1963 —'
742 1947 793 1983 esse,

74 1988 143 2024 videri
146 1986 153 2035 ]
167 1987 198 2025 sio
208 2000 280 2025 omnes
290 1987 340 2024 libri
350 1994 435 2037 praeter
445 1990 509 2022 unam
522 1988 585 2032 lunt,
600 2001 643 2024 esse
654 1988 746 2025 volantes
759 2000 794 2024 ex-

74 2036 195 2085 hibentem,
212 2038 319 2078 eMarulli
338 2039 406 2085 coni,
426 2036 463 2087 qui
478 2036 557 2087 primus
569 2036 591 2073 in
601 2037 642 2074 hoc
653 2050 715 2075 versu
726 2038 793 2076 offen-

12 2087 14 2090 ⁴
76 2088 128 2126 disse
139 2089 231 2136 videtur,
246 2103 309 2141 quem
318 2090 406 2128 seriores
423 2100 494 2127 omnes
504 2088 627 2138 perplexum
636 2094 656 2125 et
667 2088 793 2139 impeditum

74 2139 199 2180 iudicarunt.
233 2142 307 2180 Lamh.
323 2148 366 2178 tres
381 2140 480 2191 proponit
495 2141 587 2177 rationes
604 2139 711 2191 vulgatam
728 2141 794 2191 expli-

75 2191 147 2229 candi:
161 2199 198 2230 aut
207 2206 245 2244 per
256 2193 378 2244 asyndeton,
392 2205 431 2243 pro
443 2207 486 2231 esse
497 2203 518 2230 et
530 2194 607 2236 νίιῖενὶς
619 2198 655 2229 aut
666 2192 702 2240 sic,
716 2198 740 2230 ut
749 2208 793 2232 esse

74 2255 113 2292 pro
123 2245 184 2283 licere
193 2245 284 2295 positum
293 2258 406 2291 sumamus,
414 2244 451 2290 uhi
465 2256 514 2280 sane
526 2243 602 2280 melius
612 2243 669 2280 foret
675 2245 739 2283 locum
749 2260 793 2284 esse
817 2275 824 2282 ,

73 2297 154 2343 uidere,
175 2296 246 2347 (quod
259 2296 312 2335 mihi
328 2296 412 2347 quidem
424 2294 528 2345 optimum
541 2301 562 2331 et
571 2294 750 2344 simplicissimum
761 2297 792 2334 vi-

74 2345 145 2393 detur,
164 2353 189 2384 ut
202 2348 246 2386 fere
261 2348 403 2397 reeeperim];
424 2354 460 2385 aut
477 2346 578 2397 denique,
597 2353 621 2383 ut
631 2348 698 2386 uideri
711 2346 792 2386 dictum

73 2398 188 2436 habeamus
204 2412 242 2449 pro
253 2411 275 2437 ut
284 2403 390 2444 videatur,
410 2412 447 2437 seu
458 2401 486 2437 ad
497 2401 616 2445 videndum,
635 2393 686 2437 aiore
700 2396 791 2440 ἰδέσθαι,

73 2450 215 2489 Nihilominus
230 2457 303 2490 tamen
318 2452 462 2503 coniecturam
473 2449 536 2488 fecit:
551 2471 575 2479 -
592 2465 646 2500 esse,
660 2452 751 2492 volucres
763 2456 792 2492 Et
