1690 2654
71 127 121 174 464
290 97 569 171 irretitionis
611 180 612 183 Ἴ

66 239 147 291 ,fugere
161 238 264 290 positum,
277 240 327 278 alibi
339 239 401 277 etiam
416 239 453 289 (ut
463 239 498 287 VI,
511 240 569 280 1205.
582 239 651 287 1216.)
666 252 678 278 a
691 240 791 279 Lucretio

73 290 163 341 simplici
179 293 299 330 accusativo
319 292 420 343 iungitur.
444 291 547 331 'Varietas
564 292 661 330 lectionis
679 293 732 331 haee
749 300 791 331 est:

72 342 140 395 Lugd.
148 345 167 383 2.
179 343 241 384 Vind.
250 344 295 385 Ald.
303 346 320 385 1.
334 345 383 383 Bon.
395 346 461 383 dentis
473 346 595 392 adauctus,
608 345 675 396 Lugd.
685 347 703 385 1.
715 344 765 383 Brit.
772 346 791 385 3.

72 396 126 435 Brix.
136 398 184 437 Ver.
195 399 245 437 Ven.
258 399 352 438 dentibus
361 399 472 445 adauctus,
486 396 534 435 Brit.
542 399 560 436 1.
570 399 665 437 dentibus
675 400 703 436 od
713 409 791 446 auctas,

72 449 133 486 Poor.
144 451 236 489 dentibus
245 453 304 489 ictus.
329 449 376 486 Pius
387 447 442 485 coni.
453 451 521 487 dentis
533 451 629 498 edictus,
642 449 704 489 Wak.
715 461 726 487 e
737 449 793 489 coni.

73 499 139 539 edidit
150 504 222 547 dentis·
229 504 257 541 od
266 513 335 549 octus,
350 500 406 551 quod
417 499 491 538 Eichst.
502 500 597 540 servabit.
668 517 670 520 ’

126 554 184 593 1333,
210 557 235 593 Si
249 553 309 595 Wals.
325 552 417 591 restituit
433 564 457 590 ex
471 553 567 602 omnibus
582 553 652 600 libris;
672 553 738 603 vulgo.
751 554 792 602 Sic,

73 604 142 657 quod,
156 618 169 644 a
182 604 286 650 'Lambino
302 604 436 656 profectum,
450 604 519 647 Giian.
531 604 624 656 primum
636 604 658 642 in
672 610 805 646 contextumz

72 657 151 696 innuit.
411 682 413 685 -
748 666 750 668 ¹

126 710 184 750 1337.
205 708 271 748 ‘Waln
283 740 296 758 ,‚
304 720 328 746 ex
342 707 459 759 indubitata
473 707 604 746 correctione
616 707 715 746 Lucretio
728 707 793 746 veris-

73 761 148 801 simam
156 760 282 811 scripturam
292 758 369 798 reddi‘*
382 759 453 797 iubet:
467 759 545 799 uarizlm
555 776 620 812 genus
630 775 686 799 omne
691 760 792 813 ferorum,
820 792 822 794 >

73 826 137 866 quam
149 814 294 852 coiiiecturam
306 811 368 851 Orell.
379 824 423 849 non
434 810 540 850 immerito
551 813 636 851 inanem
646 819 714 851 vocat.
816 859 819 862 y

126 868 183 906 1339.
210 865 281 919 quom]
296 864 345 914 „sic
355 864 403 901 Brit.
413 865 433 903 2.
445 863 548 911 dilucide;
562 864 627 903 ceteri
640 881 696 913 cunn-
709 863 762 902 Brit.
772 865 792 905 3.

73 929 122 959 tum.
136 940 162 948 -
172 918 246 971 facta]
260 919 320 957 Poor.
326 915 393 967 fato5
406 917 544 966 perperam.⁴‘
559 919 591 956 W
592 933 605 955 u
612 920 631 957 t.

127 968 184 1010 1340.
211 968 312 1011 Voculam
321 972 356 1009 Sic
366 981 414 1006 cum
422 969 482 1006 Vind.
490 969 540 1009 Brit.
548 970 566 1009 1.
576 969 621 1006 Ald.
628 970 645 1008 1.
652 970 671 1009 2.
681 971 731 1009 Bo'n.
738 971 792 1007 lunt.

12 1044 14 1046 ·
73 1021 130 1074 wig.
144 1022 201 1059 editt.
212 1021 288 1060 Eichst.
303 1028 325 1059 et
341 1021 417 1059 Orellio
432 1021 521 1068 retinui3
536 1021 601 1059 ceteri
614 1021 664 1060 libri
681 1025 714 1070 Si,
736 1019 793 1072 quod

27 1122 29 1124 q
73 1076 125 1115 Hav.
132 1073 216 1113 etWak.
221 1080 354 1124 receperunt.
382 1075 486 1119 Ceterum,
498 1080 522 1111 ut
532 1073 567 1111 bic
575 1073 664 1125 legimus
675 1084 723 1112 onte
730 1075 793 1126 prae-

73 1130 157 1174 sentire,
170 1126 200 1164 sic
210 1126 267 1176 apud
278 1128 325 1167 Ter.
335 1126 420 1175 Andri,
428 1126 446 1172 5,
454 1123 473 1164 4.
481 1128 598 1178 praescisse
608 1137 663 1178 ante,
679 1126 722 1166 Cic.
735 1129 792 1164 Aret.

73 1192 94 1219 v.
106 1180 138 1217 12Ι
149 1180 277 1230 praelabitur
292 1190 340 1218 ante
356 1184 397 1216 etc.
426 1179 499 1228 (Conf.
512 1177 610 1227 Ruddim.
625 1180 674 1216 [nst.
688 1178 726 1216 Gr.
737 1179 760 1216 ΙΙ.
772 1189 793 1228 p.

74 1231 121 1272 369.
135 1236 180 1270 not.
192 1232 212 1270 2.

128 1282 185 1322 1342.
207 1231 283 1331 fieret]
298 1280 328 1319 sic
342 1294 414 1320 omnes
425 1281 471 1319 fere
482 1281 543 1332 libri,
559 1295 611 1333 quos
621 1281 682 1321 Wak.
693 1287 793 1333 sequutus
808 1282 811 1287 '

74 1342 115 1382 est5
130 1336 179 1378 Ver.
189 1336 241 1374 Ven.
252 1333 298 1371 Ald.
309 1335 328 1373 1.
341 1335 392 1372 Bon.
398 1334 481 1385 fueret,
496 1347 559 1385 quam
572 1335 689 1373 obsoletam
700 1333 793 1371 formam

74 1386 137 1426 Orell.
148 1386 239 1437 recepit;
253 1384 312 1437 vulg(
321 1384 379 1423 editt.
387 1386 474 1434 fuerat,
486 1393 560 1424 contra
571 1386 636 1425 libros
648 1386 760 1425 universos.
784 1391 786 1394 '

127 1436 184 1491 1343.
211 1440 276 1488 „Hoc
293 1438 345 1480 mihi
361 1437 414 1475 velle
430 1437 500 1488 dicere
516 1439 625 1477 Lucretius
639 1439 732 1476 videtur:
753 1439 794 1476 Lo·

74 1502 128 1543 quor
139 1490 169 1528 de
183 1502 218 1537 re,
232 1502 275 1527 non
294 1489 418 1527 admittente
432 1491 518 1540 quidem
529 1490 642 1541 specialem
653 1491 794 1529 confirmatio-

73 1556 136 1589 nem,
149 1541 187 1580 sed
199 1541 326 1593 generaliter
336 1542 453 1592 probabili;
467 1543 514 1581 vel:
528 1542 585 1594 quod
598 1542 694 1590 affirmo,
707 1556 793 1594 generu-
814 1551 816 1553 ’

73 1598 113 1635 lem
125 1595 234 1632 veritatem
245 1594 347 1641 habeam,
360 1593 416 1635 haud
429 1598 563 1634 universalem
579 1601 662 1643 tamem
676 1594 792 1633 rationibus

32 1669 36 1676 ι
73 1647 149 1685 saltem
162 1646 208 1684 veri
221 1659 285 1698 quam
299 1645 410 1684 simillimis
423 1646 559 1685 subnixam·“
578 1641 650 1686 Wa't.
687 1646 750 1694 Mihi,
768 1650 794 1683 ut
818 1690 820 1693 Ι

74 1711 149 1737 verum
163 1699 244 1748 fatear,
258 1697 293 1737 hic
304 1699 365 1736 locus
375 1710 458 1748 semper
467 1698 606 1748 suspicionem
617 1697 709 1750 aliquam
719 1697 793 1746 movit,

74 1749 170 1801 inprimis
185 1763 249 1802 quum
262 1763 280 1788 v.
293 1748 350 1790 1344.
364 1763 449 1798 prorsus
465 1750 539 1788 eodem
554 1750 619 1788 modo
634 1750 681 1789 voci
690 1766 747 1790 omne
759 1761 793 1788 ex-

37 1832 40 1834 .
74 1801 185 1853 plicandae
195 1800 306 1851 adhibitus,
320 1801 356 1839 sed
364 1801 412 1839 loco
421 1801 484 1854 longe
494 1801 579 1853 aptiori,
592 1815 653 1853 supra
662 1816 682 1841 v.
692 1804 737 1843 529.
749 1802 794 1840 iam

74 1854 177 1900 adfuerit;
193 1853 218 1891 de
232 1866 274 1905 quo
289 1854 449 1904 tamenaliquid
458 1854 509 1893 certi
519 1855 655 1905 pronuntiare
666 1868 708 1892 non
718 1855 793 1893 auden.

127 1905 185 1946 1347.
206 1905 291 1959 perire]
305 1905 349 1944 Ald.
362 1908 380 1946 1.
397 1907 450 1952 Bon.
466 1908 521 1955 Iunt.
533 1910 639 1960 perirent,
660 1906 717 1958 quod
731 1906 793 1946 Wak.

74 1956 173 2009 „planius
179 1958 192 1977 “
205 1958 303 2009 quidem,
315 1957 362 2008 sed,
375 1971 403 1996 ne
413 1968 455 1997 uno
465 1958 551 2011 quidem
560 1958 616 1997 lihro
627 1959 665 2000 Ms.
674 1958 792 2006 addicente,

73 2017 144 2053 tamen
155 2022 199 2048 non
207 2010 353 2060 recipiendum
361 2014 439 2055 censet.

82 2090 83 2093 =
127 2063 184 2108 1350.
209 2062 308 2114 paratur]
323 2062 353 2101 sic
362 2061 423 2101 Wak.
438 2061 527 2111 (Eicbst.
539 2061 614 2112 Orell.)
628 2061 792 2112 cumBrit,1.3.

75 2114 134 2153 Cant.
141 2119 162 2152 et
171 2114 267 2152 omnihus
278 2114 337 2152 editt.
344 2121 400 2164 vett,
410 2122 494 2163 praeter
500 2114 564 2162 Brin,
576 2125 615 2164 pro
625 2113 707 2169 vulgari
714 2129 793 2168 paron·

74 2177 115 2206 tur.
133 2166 228 2215 -‚‚Facile
247 2166 337 2215 etenim,
354 2166 424 2218 inquit
436 2166 508 2213 Walt„
526 2165 712 2216 subintelligimus,
730 2169 793 2207 telam

73 2229 118 2255 non
131 2229 192 2290 posse
207 2219 271 2257 recte
281 2217 397 2269 procedere
412 2218 457 2258 sine
469 2220 528 2269 telis,
542 2218 576 2257 vel
593 2217 736 2264 instrumentis
748 2218 792 2256 fer·

74 2268 135 2307 reis‘
756 2281 758 2283 ·

127 2321 184 2372 1352.
206 2321 275 2372 susti,
288 2321 369 2372 radiet]
389 2321 456 2372 Vulgo
472 2321 564 2359 insertur
579 2319 656 2371 copula
673 2333 706 2369 et,
724 2330 792 2373 ‘quam

74 2370 143 2419 Wak,
157 2373 252 2411 omnihus
263 2372 322 2425 libris
330 2374 472 2421 suadentibus,
485 2369 562 2411 oiriisit.
589 2373 652 2412 Poor.
662 2374 713 2412 Brit.
722 2376 790 2419 1.2..3.

73 2423 126 2462 Brix.
139 2424 188 2463 Ver.
198 2425 347 2464 'tentarent
361 2429 439 2474 radiis,
453 2426 522 2476 prima
534 2424 597 2463 litere
613 2426 717 2476 sequentis
734 2426 791 2463 vocis

73 2475 208 2515 adhaerente.
221 2476 342 2530 ἐπαρεῖ]
356 2478 418 2529 Poor.
437 2478 493 2515 Brix.
511 2478 558 2515 Ver.
569 2477 621 2515 Ven.
634 2480 691 2529 capi,
705 2476 756 2517 Brit.
768 2480 790 2518 2.

73 2531 147 2582 campi.
174 2527 261 2567 Orellius
275 2528 379 2569 vocabula
394 2529 444 2568 artis
454 2529 567 2577 tentoriae,
579 2540 634 2582 quae
646 2527 681 2568 hic
692 2529 790 2582 legimus,
