1690 2654
69 107 118 154 248
310 103 560 148 ΑΝΝΟΤΑΤΙΟΝΕ

120 216 165 258 438.
191 182 278 268 effuso]
293 215 345 266 Cod.
361 215 418 255 Bodl.
434 201 497 256 Poor.
508 215 558 257 Brit.
569 216 587 256 1.
598 217 618 256 2.
629 218 648 257 3.
664 222 685 255 et
695 224 784 257 cunctae

70 269 127 309 editt.
141 274 189 307 vett.
205 271 294 321 offensa,
309 268 376 319 quod,
392 267 476 307 meliori
482 268 575 306 'lectione
586 281 628 307 non
640 269 713 317 obviag
727 271 784 308 forte

67 321 119 360 ferri
130 326 210 370 posset3
223 320 284 365 Vind.
297 322 372 372 offenso
379 348 389 370 ‚¹
399 319 455 371 quod
464 321 524 362 Wak.
536 309 641 371 dptimum
650 320 784 372 hahetspro-

67 385 143 411 vocans
153 372 180 409 ad
190 371 282 419 tlt-954.
295 379 316 409 et
325 372 375 410 aiios
385 372 562 422 eiusmodfflocos,
575 372 600 409 de
613 372 685 423 quibus
697 372 784 411 diximus

21 462 32 468 ,
67 424 94 462 ad
103 427 117 471 t,
128 424 174 464 385.
202 426 245 462 Nos
260 424 325 463 Codd.
337 423 426 474 optimos
435 425 499 475 Lugd.
513 426 530 463 1.
541 427 561 464 3.
577 425 633 461 Gott.
645 424 784 476 aliosqueau-

67 475 154 513 diendos
166 476 295 526 putavimus,
305 489 375 528 quum
385 478 484 528 ffinsus,
497 472 511 527 ἡ
524 472 625 526 ἀντικοπῇ
634 476 723 527 'Epicuri3
737 488 783 524 very

66 528 119 566 hum
133 528 242 577 proprium
254 528 411 575 subsedere,
431 540 472 577 quo
488 529 598 567 Lucretius
613 528 690 579 ubique
704 534 783 569 utatur.

69 579 141 629 (oonf.
150 582 174 626 u,
184 581 229 620 223.
243 582 277 629 rt,
288 581 333 620 350.
346 575 448 627 vtem.)

119 630 165 671 439.
191 632 329 685 confundunt]
348 630 379 668 sie
393 630 454 670 Wak.
471 642 520 668 cum
533 629 599 682 Lugd.
617 632 636 671 1.
650 631 708 671 Bodl.
724 633 782 670 Gott.

67 683 130 723 Vind.
141 683 190 721 Brit.
199 685 218 723 2.
231 685 249 723 3.
265 689 285 720 et
299 682 352 719 Brix.
363 683 411 720 Ver.
424 680 474 720 V'en.
488 681 533 719 ald.
548 684 566 720 1.
581 684 644 731 Bon.;
658 683 720 735 vulgo
736 699 783 724 con-

62 735 202 786 funduntque,
216 741 240 771 ut
250 735 304 771 Iunt.
314 740 335 771 et
344 732 389 771 Ald.
398 735 419 772 2.

118 784 162 824 441.
190 796 250 836 arque
261 783 320 822 Wak.
330 784 420 821 restituit
431 795 456 821 ex
465 783 562 822 omnihus
573 784 618 822 fere
628 784 698 834 iibris3
711 786 783 838 vulga·
832 789 834 795 '

65 849 112 875 rem
123 852 186 889 aeque
197 843 281 874 tantum
294 839 346 874 lunt.
359 841 380 873 et
390 835 435 875 ald.
445 837 465 875 2.
477 848 591 887 agnoscere
602 836 705 876 videntur.

117 886 163 929 443.
190 889 262 937 edere]
276 889 322 926 ver.
339 889 390 929 Ven.
405 885 548 939 aedercfflld.
560 890 578 929 1.
588 890 638 927 Bon.
649 890 741 940 laedere,
755 888 790 928 ad-

66 939 155 978 modum
167 937 246 990 11‚429.
257 938 332 980 ettto.
495 933 511 990 ‘3'
637 988 638 991 Ἴ
673 955 678 960 ·
809 962 811 965 ·

118 989 163 1033 446-
189 992 287 1042 ramosis]
302 990 518 1031 Bodt.Vind.Brit.'1.
530 990 612 1032 2.Βι·]’Χ.
626 1006 704 1040 ramos,
719 991 782 1030 omis-

67 1044 94 1082 sis
102 1044 213 1094 postremis
223 1043 301 1090 literis,
313 1042 369 1081 unde
377 1042 404 1089 in
410 1044 458 1080 Ver.
467 1045 518 1082 Ven.
529 1046 603 1092 ramis,
617 1043 640 1081 in
650 1045 710 1082 Cant.
721 1046 781 1083 Poor.

66 1096 112 1134 Aid.
124 1098 142 1135 1.
151 1098 175 1144 2.Ι
183 1098 232 1133 Bon.
246 1101 267 1133 et
276 1099 329 1136 lunt.
339 1111 376 1148 per
388 1106 455 1134 ramos
470 1094 552 1133 factum
564 1095 652 1135 videtur.
678 1096 738 1134 Wak.
750 1095 781 1133 af·

66 1148 110 1186 fert
123 1146 183 1185 Pium
199 1147 315 1195 dicentem,
329 1146 430 1197 quosdam
444 1145 515 1197 legere
531 1149 580 1198 quia
596 1150 639 1186 sint
651 1151 726 1198 ramis,
740 1147 781 1197 „in

67 1199 142 1251 quihus
152 1198 192 1237 sibi
200 1199 282 1237 videtur
291 1210 414 1249 germanam
425 1197 468 1235 loci
476 1196 600 1245 scripturam
611 1197 713 1248 dispicere
722 1197 782 1252 quasi

66 1254 96 1291 sis
110 1250 137 1298 (i.
152 1263 169 1289 e.
182 1252 237 1299 suis)
250 1251 340 1289 ramis.“
366 1249 406 1287 Sed
422 1248 486 1287 lectio
503 1248 540 1287 iila
554 1249 609 1300 apud
623 1251 684 1287 Pium
696 1249 718 1287 in
732 1262 780 1288 meo

67 1301 161 1351 exemplo
172 1301 269 1339 distincte
278 1301 307 1339 sic
318 1307 414 1352 apparet:
429 1304 488 1354 quasi
496 1303 539 1340 sint
550 1303 622 1350 hamis,
637 1308 680 1339 eta
690 1302 725 1340 Pio
735 1301 780 1352 ipso

65 1360 138 1406 aperte
151 1360 175 1391 ut
190 1354 312 1391 coniectura
327 1352 391 1390 modo
401 1352 495 1390 virorum
505 1352 617 1402 doctorum
629 1357 795 1393 commemorav

65 1413 101 1445 tur
105 1420 111 1456 3
126 1406 187 1444 abeat
198 1405 263 1458 igitur
273 1404 333 1443 Wek.
346 1417 395 1443 cum
406 1417 442 1442 sua
452 1403 605 1445 emendatione.

117 1456 163 1497 450.
188 1459 290 1497 restantia
301 1456 315 1498 i.
325 1470 344 1499 e.
355 1456 483 1505 resistentia,
498 1454 555 1505 (vid.
565 1455 592 1493 ad
601 1458 622 1503 1,
634 1457 702 1507 111.);
716 1469 780 1508 quare

65 1522 107 1549 non
119 1522 171 1559 opus
180 1515 211 1547 est
221 1507 309 1547 Bentleii
319 1508 374 1547 coni.
382 1510 508 1548 restantibu'.
521 1529 548 1536 -
559 1509 705 1560 vociferantur]
718 1512 779 1550 Poor.

64 1562 114 1600 Brit.
126 1563 145 1601 2.
156 1563 176 1602 3.
191 1567 212 1599 et
221 1560 274 1600 Brix.
287 1562 335 1599 Ver.
346 1561 398 1608 Ven.
410 1576 459 1600 voce
467 1561 579 1612 ferantur.
591 1572 644 1610 quae
654 1561 780 1601 Wancon-

33 1644 42 1650 .
64 1614 154 1652 iunctim
171 1613 249 1664 scripta
264 1612 353 1651 fortasse
369 1625 441 1650 veram
455 1611 569 1650 lectionem
585 1618 661 1651 censet.
687 1613 778 1665 Preiger.

65 1664 139 1704 laudat
151 1665 213 1708 Voss.
228 1665 255 1703 ad
272 1664 446 1716 Gatutl.p.107.‚
460 1663 486 1702 de
496 1663 537 1701 hoc
546 1663 663 1702 archaismo
676 1663 779 1704 disseren-

65 1724 134 1756 tem..
220 1730 222 1732 ¹
504 1722 509 1732 '
748 1719 750 1722 ’

116 1767 162 1809 451.
188 1769 268 1822 quidem
281 1766 343 1808 Wak.
360 1766 425 1805 edidit
442 1779 466 1805 er
482 1765 577 1805 omnibus
587 1767 633 1805 fere
643 1766 778 1814 librisfflav.

66 1833 115 1860 cum
125 1821 159 1859 vui
176 1819 244 1858 aribus
256 1830 336 1865 autem,
350 1818 527 1870 quemadmodum
538 1819 597 1858 Vind.
607 1818 656 1857 Brit.
664 1821 683 1859 2.
696 1821 752 1859 Cant.

117 1873 142 1909 V.
159 1833 215 1919 453,
236 1885 249 1909 a
266 1871 371 1923 prioribus
393 1871 506 1910 editoribus
522 1870 661 1923 adulterinum
678 1871 780 1922 habitum,x

66 1937 130 1976 quum
146 1924 168 1963 in
184 1924 280 1963 omnibus
296 1923 359 1963 Godd.
375 1930 395 1961 et
410 1923 433 1962 in
447 1924 505 1962 editt.
516 1930 565 1967 vett.
575 1923 704 1971 inveniatur,
717 1924 777 1965 Wak.

64 1989 135 2014 rursus
150 1976 240 2027 recepit,
255 1976 291 2014 sed
306 1975 329 2014 in
338 1988 476 2014 numerorum
484 1975 559 2013 seriem
569 1987 611 2012 non
621 1974 714 2024 admisit,
728 1977 778 2015 licet

66 2040 114 2065 eum
122 2028 187 2080 longa
197 2032 217 2066 et
227 2027 338 2066 artificiosa
349 2028 487 2078 explicatione
497 2026 609 2080 defendere
619 2026 711 2075 studeat3
725 2041 778 2080 quae

65 2092 92 2117 en
102 2079 240 2118 Eichstaedtio
250 2080 280 2118 ita
291 2079 426 2127 satisfecerit,
442 2085 467 2117 ut
477 2091 526 2118 eum
537 2079 581 2117 sine
591 2079 647 2116 omni
657 2081 778 2130 suspicionis

64 2137 116 2169 nota
126 2130 149 2170 in
158 2143 255 2171 versuum
267 2131 362 2177 ordinem
375 2131 491 2181 reciperet,
504 2131 582 2171 nescio.
608 2131 708 2182 Equidem
721 2133 778 2172 hunc

65 2194 161 2232 versum,
179 2189 241 2234 quem
256 2183 279 2221 in
294 2183 345 2224 Diss.
356 2196 405 2222 mea
416 2184 441 2221 de
452 2184 515 2222 Lucr.
527 2184 588 2233 p.73.
601 2195 644 2221 non
652 2183 719 2222 solum
729 2198 778 2236 spu·
805 2184 808 2195 '

57 2234 127 2280 rium,
140 2234 248 2278 sedetiam
259 2247 270 2273 e
280 2238 315 2285 ΙΙΙ,
328 2237 372 2277 197.
386 2236 457 2275 ortum
465 2234 562 2283 iudicavi,
576 2241 599 2273 ut
609 2235 660 2286 aiios
670 2235 778 2276 addititios

64 2286 124 2326 uncis
133 2284 215 2326 inclusi.
572 2307 575 2313 ι
636 2332 637 2335 ¹
658 2319 659 2322 ,

63 2363 66 2368 -
115 2336 162 2378 455.
187 2336 294 2390 procursus
306 2339 350 2378 iam
366 2338 441 2386 Lami).
460 2336 535 2384 edidit,
558 2350 625 2390 neque
639 2339 700 2379 aliter
715 2341 776 2383 Vind.

63 2392 117 2430 Iunt.
126 2389 196 2428 etAld.
206 2391 238 2438 23
251 2392 299 2428 Brit.
307 2393 325 2431 1.
332 2392 351 2431 3.
362 2393 476 2445 proculsus,
487 2389 517 2428 Pii
525 2390 587 2429 Godd.
601 2391 685 2443 quidam
695 2408 777 2445 percus-

64 2458 105 2489 sus,
114 2442 180 2481 ceteri
190 2454 262 2480 omnes
271 2443 380 2496 perculsus.
392 2442 461 2482 Facile
473 2447 543 2479 autem
553 2445 709 2493 supersedemus
715 2444 776 2493 Wak.

65 2494 120 2535 coni.
127 2494 243 2550 propulsus.
255 2511 280 2525 ό-
293 2495 343 2534 Post
350 2497 399 2536 item
407 2494 504 2548 vidgeres
512 2494 572 2536 editt.
580 2494 673 2536 inserunt
681 2499 710 2547 in,
721 2495 778 2548 quod
