1690 2654
225 111 266 152 ΑΙ)
282 111 421 151 LIBRUM
436 110 586 151 PRIMUM.
719 108 765 154 195

100 218 145 261 488.
172 220 265 270 forsita]
279 219 313 258 Sic
324 219 378 258 edidi
389 232 413 257 ex
422 220 546 259 auctoritate
554 217 690 259 Corterate.
702 217 765 268 (apud

47 272 131 322 Lamb.)
142 267 191 312 Brit.
203 274 221 310 1.
232 274 250 310 2.
263 274 281 311 3.
299 278 320 309 et
333 272 390 309 editt.
401 273 447 308 Ald.
460 274 477 310 1.
493 280 514 309 et
523 275 587 321 Bon,
607 286 619 308 a
635 271 709 323 quilius
723 283 763 309 nen

48 325 139 362 multum
156 324 275 374 discrepant
293 323 358 361 Godd.
375 324 433 361 Bodl.
446 323 506 362 Vind.
520 324 577 363 editt.
591 324 642 360 Brix.
658 324 704 360 Ver.
718 325 766 359 Vcn.

48 376 135 424 titt„
153 377 248 429 forsitan
258 375 393 424 praebentes,
413 387 477 424 quam
489 375 603 411 lectionem
615 375 678 424 longe
691 374 766 411 diffici-v

47 429 129 474 liorem,
140 440 151 464 a
161 434 192 463 tot
201 425 259 462 libris
268 438 362 462 summae
374 425 423 462 fidei
433 425 595 475 suppeditatum,
605 433 628 462 ut
639 422 727 477 uulgari,
740 426 766 464 ali

50 479 146 517 omnihus
156 477 214 516 editt.
225 478 377 514 recentioribus
387 485 486 520 servatae,
501 480 580 515 credere
590 476 696 525 nimirum,
710 484 767 526 posti

49 530 162 582 ponerent,
182 543 194 566 a
203 541 237 565 me
247 541 289 566 non
301 527 361 578 potui
371 529 499 577 impetrare,
513 527 607 578 inprimis
618 541 683 579 quum
691 529 767 567 facilli-

48 596 83 620 me
94 580 184 631 intelligi
194 580 264 630 possit,
285 579 390 629 quomodo
402 580 454 618 haec
466 580 557 630 vulgata,
570 580 592 616 in
605 587 694 630 quatuor
704 582 767 618 Lam-

49 633 93 672 bini
104 632 180 679 codd..
200 630 265 682 Lugd.
278 632 295 669 1.
306 633 326 670 2.
344 631 371 679 tsi
381 632 521 682 Hatercampi,
535 630 617 669 silentio
630 631 681 668 fides
692 638 722 669 est
730 632 767 670 ha-

49 684 131 733 benda)
143 690 163 722 et
174 683 221 720 edit.
232 687 285 720 lunt.
299 683 366 732 obvia,
377 685 479 732 genuinae
488 683 603 733 scripturae
614 684 726 720 substituta
736 684 768 722 sit.

50 736 134 787 Explico
150 735 299 772 autemlceum
311 734 351 771 ita:
370 734 413 771 Etsi
425 735 509 771 difficile
527 735 609 772 videtur
627 736 768 782 (intellectu),

49 789 71 826 in
82 789 144 825 rebus
159 786 258 833 (creatis)
272 785 386 835 quidquam
395 785 483 835 reperiri
493 798 563 834 posse,
584 787 641 835 quod
653 787 698 824 fors
711 788 768 834 (for-

48 839 114 887 tuito,
134 840 178 876 solo
191 840 251 886 casu)
263 837 293 874 ita
303 836 370 874 solido
388 842 443 884 (tam
455 837 534 885 solido)
548 851 636 887 corpore
649 836 768 888 praeditum

49 892 75 928 sit
89 897 127 927 etc.
154 889 208 927 Illud
219 889 273 925 enim
285 889 372 939 difficile
384 901 423 935 est,
433 903 476 925 non
490 889 561 925 addito
575 891 638 926 verbo
650 890 768 940 aliquodu-

48 940 164 991 telligendi,
179 940 283 986 credendi,
298 951 383 989 prorsus
396 940 492 977 convenit
504 941 550 976 usui
561 941 696 987 Lucretiano,
711 947 731 979 et
741 941 768 978 si-

48 993 107 1031 milia
123 991 218 1041 ellipseos
236 991 330 1040 exempla
349 991 370 1027 in
388 991 419 1028 his
436 991 561 1028 carminibus
576 991 632 1029 haud
648 1006 697 1030 rara
711 999 767 1032 sunt.

7 1061 9 1063 ·
50 1043 122 1092 (Coris.
133 1044 176 1089 Ν,
193 1039 236 1082 itt.
255 1036 286 1090 Ὗ,
302 1043 341 1081 itt
352 1054 367 1079 s.
385 1048 406 1078 et
422 1042 457 1079 alii
472 1042 533 1091 loci.)
565 1047 617 1082 Fors
632 1051 767 1081 autemsae-

48 1096 95 1146 pius
106 1107 144 1145 pro
158 1094 254 1130 adverbio
265 1093 358 1141 fortiu'm
371 1093 411 1129 dici
425 1094 473 1129 setis
484 1100 559 1130 notum
571 1101 607 1130 est.
636 1095 711 1142 (Gonf.
721 1096 767 1133 Pri-

49 1147 113 1185 scian.
124 1146 170 1192 XV.
186 1145 205 1183 t.
223 1144 255 1194 [p.
264 1143 320 1182 1015.
333 1142 367 1190 P.]
387 1143 466 1181 Charis.
480 1147 502 1181 u.
518 1157 537 1194 p.
551 1146 596 1186 165.
607 1148 628 1183 P.
643 1153 663 1184 et
674 1149 767 1198 Interpp.

49 1198 76 1235 ad
89 1198 145 1246 Virg.
156 1202 205 1234 Aen.
216 1197 243 1244 ll,
256 1195 300 1233 139.
317 1195 341 1243 V,
352 1195 401 1241 232.
413 1198 448 1242 XI,
460 1196 491 1235 50.
502 1198 559 1244 etc.)

99 1257 153 1306 490.
163 1256 259 1308 fulmen]
276 1257 436 1310 Godd.=Lugd.9·
449 1264 504 1299 Gott.
514 1264 600 1311 flumen,
612 1275 675 1313 quam
684 1263 767 1303 Wnlref.

50 1316 131 1349 temere
143 1316 213 1347 censet
222 1309 337 1347 lectionem
353 1312 439 1347 minime
450 1311 596 1362 spernendam.
645 1332 653 1336 ..

29 1394 30 1398 ,
75 1381 81 1396 x
100 1361 145 1401 491.
172 1373 194 1400 ut
206 1361 241 1410 ac]
256 1360 285 1398 sic
299 1362 364 1401 Godtl,
377 1362 426 1401 Brit.
439 1364 456 1403 1.
469 1365 489 1402 2.
506 1366 560 1401 Goit.
573 1366 632 1402 Poor.
646 1364 703 1403 editt.
716 1368 765 1403 Bon.

50 1419 71 1451 ei
83 1413 127 1465 ild(
137 1415 171 1459 113
192 1412 257 1449 ceteri
273 1411 322 1450 tihi-i
336 1425 358 1451 ut
368 1416 395 1452 act
407 1414 442 1452 rel
454 1417 475 1453 id
486 1417 524 1463 ad,
539 1414 584 1452 illd.
595 1417 614 1455 2.
628 1428 651 1456 iit
662 1419 686 1456 it.
704 1416 765 1455 Wak.

50 1464 104 1502 coni.
115 1468 170 1502 iiim.
195 1464 235 1500 sea
247 1463 286 1500 vit.
297 1466 335 1512 ri,
347 1467 392 1507 ite.

53 1538 54 1541 ’
101 1526 146 1567 492.
169 1527 226 1579 fere]
242 1527 271 1565 sic
289 1526 343 1566 corii.
356 1527 557 1579 Preiger.etl³Vak.,
576 1531 764 1581 comprobantibus

49 1578 103 1616 hanc
112 1579 225 1617 lectionem
236 1579 285 1616 Cod.
297 1578 345 1616 Brit.
358 1580 376 1617 1.
388 1584 409 1616 et
419 1579 476 1618 editt.
489 1582 533 1620 Ald.
544 1585 561 1621 1.
572 1586 633 1623 Bou:
647 1582 724 1633 reliqui
736 1583 764 1619 li-

49 1630 81 1668 tri
87 1630 142 1682 fero,
157 1637 180 1668 ut
190 1634 240 1670 Hav'.
251 1642 299 1668 cum
311 1629 438 1682 vulgaribus.
466 1633 532 1680 (God.
543 1635 592 1673 Brit.
604 1624 694 1674 creor.
707 1634 764 1673 editt.

49 1681 101 1719 Brix.
113 1683 160 1719 Ver.
172 1684 224 1721 Veri.
232 1683 310 1734 ferro.)

99 1732 143 1772 493.
172 1735 344 1785 Collutqsiictatus
353 1734 456 1782 praeterii
463 1736 597 1789 Godd.Lugd.
605 1739 622 1777 1.
629 1739 648 1778 2,
658 1737 733 1777 urire.
746 1745 766 1775 et

50 1782 107 1824 editt.
120 1785 191 1824 Lamli.
203 1789 252 1823 Har.
267 1784 340 1830 wala-3
357 1787 422 1823 ceteri
437 1786 487 1825 libri
502 1796 538 1826 aut
551 1794 598 1828 Onui
610 1791 649 1830 lali.
666 1796 702 1826 aut
715 1793 766 1829 Tim

50 1836 99 1884 ui..
114 1835 159 1874 edd.
170 1839 224 1875 lunt.
237 1843 258 1874 et
266 1836 312 1873 tid.
325 1838 344 1874 2.
360 1841 413 1887 Quin
422 1840 461 1876 lat.

100 1887 145 1925 500.
173 1891 231 1937 (ides,
247 1890 428 1941 pnitcisctiimetc.
449 1890 509 1928 usati.
521 1897 630 1941 comparat
640 1891 687 1932 Ter.
698 1889 763 1928 Andr.

49 1935 72 1982 Ι,
87 1938 109 1983 1,
124 1940 142 1976 i.
157 1945 178 1976 et
188 1940 245 1991 Virg.
259 1943 308 1977 Aen.
324 1941 358 1985 IV,
372 1941 416 1979 116.
430 1942 471 1990 XI,
486 1939 531 1982 314.
700 1955 701 1958 ¹

77 2048 81 2055 Ι
99 2000 144 2040 512.
170 2007 246 2055 genitis
259 2006 358 2050 -iniinc
374 2006 418 2051 est]
437 2005 500 2042 Godd.
518 2005 578 2043 Vind.
595 2006 653 2045 Cant.
672 2013 692 2043 et
705 2006 764 2047 editt.

12 2087 14 2091 .
49 2050 101 2107 Brit.
117 2054 163 2092 Ver.
177 2057 329 2108 Vengerii'iits,
344 2056 392 2092 Cod.
406 2055 454 2094 Brit.
467 2059 484 2096 1.
502 2060 605 2110 genitrici,-
624 2057 688 2097 Codd.
703 2057 764 2098 Vind.

48 2101 97 2159 Brtt.
107 2105 125 2142 1.
137 2105 156 2153 3.
167 2107 224 2143 tiodt.
237 2115 257 2144 et
270 2106 326 2144 editt.
337 2106 407 2145 laudd.
423 2111 505 2154 inanes,
526 2108 578 2146 etin
591 2107 699 2146 tonitru.
710 2110 728 2148 1.
745 2116 766 2147 et

50 2151 108 2192 editt.
118 2157 167 2195 Bon.
178 2160 231 2196 lunt.
242 2158 287 2197 Ald.
299 2160 318 2196 2.
332 2170 362 2197 est
377 2159 399 2195 in
414 2158 456 2196 fine
467 2172 538 2197 versus
553 2160 614 2209 plane
624 2159 764 2208 desideratur;

48 2203 104 2290 pnde
114 2207 174 2244 Walr.
185 2222 228 2247 non
239 2210 282 2248 sine
293 2209 363 2260 specie
373 2210 465 2248 veritatis
479 2210 545 2249 coni:
559 2210 650 2265 genitum
663 2224 694 2252 eri
704 2215 726 2252 in
734 2228 764 2252 re·

62 2269 86 2292 HS
95 2271 162 2296 titane.
172 2275 177 2279 “
435 2278 437 2280 ’

82 2365 86 2372 Ι
101 2318 145 2356 518Δ
171 2332 257 2370 tectum,
278 2325 335 2375 qued
349 2325 410 2364 Wak.
427 2338 439 2363 e
456 2325 500 2365 sola
517 2309 635 2366 edit-Brin.
648 2333 669 2365 et
685 2326 762 2364 collatt.

49 2365 223 2425 Heinsrecepit,
244 2377 384 2426 comprobant
400 2379 463 2415 etiarn
478 2378 535 2416 editt.
548 2378 593 2415 Atd.
608 2381 626 2418 1.
637 2382 656 2418 2.
674 2385 694 2415 et
709 2380 762 2415 lunt.

50 2416 132 2468 Reliqui
148 2420 254 2462 illiricum
271 2430 390 2480 vulgaribus
404 2429 461 2467 editt.
474 2446 552 2478 rerum,
573 2415 630 2480 qiiod
647 2441 707 2480 quein
717 2427 762 2464 ido-

50 2478 112 2507 neum
122 2482 204 2511 sensum
213 2479 313 2525 praebeat
322 2494 365 2519 non
375 2480 444 2528 rideo,
459 2494 524 2533 quum
533 2489 607 2520 contra
616 2487 723 2529 receptam
731 2478 762 2514 le-

54 2551 56 2553 >
560 2539 580 2576 R
596 2537 609 2574 ‘i
