1690 2654
47 147 95 193 414
279 143 551 210 Annurnrronns

98 255 142 296 456.
169 255 192 305 e]
207 255 336 303 Macrobius,
350 255 387 307 qui
402 256 417 296 1.
434 271 452 296 c.
469 256 525 295 hunc
543 268 627 308 quoque
640 268 723 294 versum
735 256 768 295 af-

47 310 99 354 fert,
114 324 149 353 ex.
165 308 222 357 quod
238 308 298 347 Wak.
313 321 388 346 verum
403 315 474 360 putat3
493 311 542 349 Ver.
560 312 610 349 Ven.
627 321 658 358 et,
674 310 731 346 Cant.
747 324 767 357 α,

47 360 92 398 Ald.
104 360 122 397 1·
135 362 184 399 sson.
196 372 250 399 sunt.

97 409 142 450 459.
169 411 262 461 sustulit]
271 411 332 449 Wak.
340 425 388 449 cum
393 412 453 452 Vind.
463 419 484 450 et
492 419 542 450 vett.
553 412 611 452 editt.
624 413 767 462 praeterIunt.

48 469 69 500 et
78 462 124 502 Ald.
134 464 155 502 2.
164 463 266 502 substulit.
279 463 339 512 (Vide
350 476 402 515 quae
413 464 478 502 modo
488 464 514 501 ad
523 478 542 502 v.
549 463 768 516 403-Xann0tavirnus.)

99 512 146 555 460.
173 514 256 566 Ignifer
264 517 292 553 W
293 515 326 554 ak.
336 515 426 554 restituit
436 527 447 554 e
457 516 486 555 Pii
492 516 554 555 Godd.
561 515 692 568 quibusdam,
701 515 767 567 Lugd.

47 570 65 608 1.
76 568 96 608 2.
108 566 169 606 Vind.
181 569 240 606 Poor.
253 567 303 617 Brit.
318 570 335 607 1.
348 569 367 607 2.
378 570 398 608 3.
409 569 467 609 Cant.
479 575 500 607 et
510 582 564 609 verr.
573 569 630 606 lectt.
642 568 691 607 edit.
702 571 767 613 Iunt.;

47 618 113 656 ceteri
120 619 170 655 libri
181 626 202 656 et
211 620 267 670 vulg.
279 619 336 656 editt.
346 619 451 671 Signifhm
464 621 627 669 „intempestive
637 633 730 670 prorsus,
744 627 768 657 ut

46 670 107 709 Wak.
119 677 201 717 censet,
216 669 315 720 quoniam
327 670 352 707 de
363 671 448 708 zodiaco
457 671 514 709 nunc
524 685 566 708 non
576 673 677 721 agatur.“
702 674 768 710 Rece-

46 728 106 772 pram
115 722 229 760 lectionem
240 722 270 759 sic
280 721 380 771 explicat:
393 723 460 772 „Ipse
472 721 545 774 ignens
554 722 633 760 multos
645 723 697 762 alios
707 723 767 775 ignes

46 774 112 823 etiam
124 786 195 811 secum
207 772 321 812 abstulit.“
670 810 671 813 ,

97 823 143 865 463.
169 829 248 864 radiati
260 827 338 864 lumina
350 826 411 871 solie,
423 823 438 860 i.
450 838 468 864 e.
482 824 546 864 radiis
559 825 669 873 instructi,
683 826 718 864 vel
730 838 767 864 ra-

46 876 91 915 dios
103 877 225 915 emittentis.
238 877 311 926 (Conf.
323 875 351 913 ad
361 877 396 924 IV,
408 874 469 926 214.)

97 927 143 969 464.
166 932 296 982 flunieiqne]
309 927 362 968 Brit.
373 929 393 967 2.
405 930 480 981 fluzrii,
494 928 548 968 Brir.
562 930 610 968 Ver.
621 929 673 969 Ven.
682 930 766 982 fluviis-

47 997 90 1035 que.
119 983 218 1019 Ceterum
233 980 269 1032 qui
282 981 317 1017 hic
328 982 392 1033 fluvii
404 995 513 1033 perennes,
527 984 543 1029 I,
557 983 603 1028 231.
618 982 667 1028 (uhi
677 981 718 1020 vid.
729 994 766 1019 an-

45 1035 103 1082 not.)
118 1044 201 1071 (retertur
206 1036 297 1085 flumina
308 1033 444 1070 vocabantur.

98 1083 143 1124 465.
170 1089 260 1136 Ipsaque
270 1095 290 1121 et
304 1084 326 1130 (ί.
338 1096 355 1120 e.
366 1084 435 1131 etiam)
448 1083 510 1123 Wak.
523 1096 534 1121 e
546 1083 601 1122 coni.
614 1083 685 1133 edidit,
700 1097 765 1135 quum

45 1136 68 1174 in
84 1136 180 1174 omnibus
195 1136 240 1173 fere
256 1135 314 1172 libris
326 1139 414 1188 Ipsaque
424 1147 448 1175 ut
457 1134 545 1187 legatur.
572 1136 640 1188 Vulgo
651 1140 701 1190 Ipsa
712 1152 765 1191 quo-

46 1204 96 1241 que,
112 1194 136 1224 ut
148 1187 193 1225 Atd.
203 1189 222 1226 1.
237 1189 285 1226 Bon.
297 1187 354 1225 Iunt.
591 1233 593 1240 .

98 1238 143 1279 468.
170 1239 218 1288 tum]
232 1238 289 1277 Bodl.
299 1244 320 1274 et
330 1250 401 1275 omnes
413 1237 471 1277 editt.
480 1243 531 1276 vett.
540 1243 623 1287 praeter
632 1239 677 1277 ΑΜ.
684 1243 703 1280 2,
713 1256 765 1281 enm,

45 1313 72 1321 -
85 1291 187 1342 dffnrilis]
202 1292 262 1327 Poor.
274 1290 323 1326 Brit.
328 1291 347 1328 2.
359 1291 464 1340 dr'fficilis‚·
478 1289 535 1341 quod
543 1302 587 1328 non
598 1290 684 1342 mirum,
699 1305 764 1343 quum

45 1356 84 1381 vox
94 1344 191 1393 diffusilis
200 1338 257 1389 ἅπαξ
266 1339 377 1390 λεγόμενον
386 1341 489 1381 videatur.

97 1392 143 1434 471.
170 1397 231 1433 anino
248 1391 364 1442 complexu]
378 1392 412 1431 Sic
430 1394 493 1431 etiam
506 1393 536 1442 H,
553 1394 610 1434 1066.
630 1393 696 1445 (Vide
710 1395 736 1434 ad
747 1398 763 1446 Ι,

45 1449 103 1487 1030,
116 1452 136 1484 et
146 1458 208 1495 supra
217 1443 244 1483 ad
255 1448 278 1492 V,
289 1446 348 1492 202.)

97 1495 142 1538 472.
170 1497 243 1546 Hunc]
258 1496 315 1534 Bodl.
331 1496 385 1537 Brix,
401 1499 450 1538 Ver.
468 1499 519 1539 Ven.
535 1496 580 1535 Ald.
593 1498 612 1537 1.
628 1497 680 1536 Bon.
695 1501 763 1548 Num,

44 1550 74 1589 Pii
85 1549 148 1587 Codd.
158 1551 218 1587 Poor.
231 1548 281 1588 Brit.
293 1550 311 1587 3.
323 1552 384 1587 Hinc.

96 1601 140 1642 473.
167 1613 264 1653 utrasque
272 1599 332 1639 Wak.
341 1599 433 1638 restituit
441 1611 466 1638 ex
476 1598 572 1637 omnihus
581 1599 626 1638 fere
635 1600 702 1649 libris3
716 1602 762 1641 ΑΜ.

45 1657 64 1693 1,
77 1655 127 1692 Bon.
141 1659 161 1689 et
172 1657 226 1691 lunt.
236 1652 293 1689 solae
305 1664 406 1704 utrosque,
420 1650 477 1701 quod
485 1651 541 1702 vulg.
554 1651 611 1691 editt.
622 1652 762 1701 arripuerunt.

45 1704 168 1752 „Nimirum
182 1703 206 1743 τὸ
222 1715 318 1756 utresque
328 1703 360 1741 vel
370 1703 487 1754 generalius
497 1714 574 1740 nomen
587 1703 673 1753 respicit
683 1704 731 1741 solis
741 1711 762 1743 et

44 1757 113 1802 lunae,
127 1757 198 1793 stellas
207 1754 293 1802 scilicet,
307 1753 333 1792 de
345 1768 386 1804 qua
396 1753 488 1792 formula
497 1767 536 1791 nos
544 1753 642 1804 inspicias
653 1755 680 1793 ad
690 1759 705 1805 t,
716 1757 761 1796 353.

45 1815 66 1845 et
76 1811 100 1857 ΙΙ,
115 1804 181 1856 1741
186 1813 207 1843 et
215 1818 249 1843 me
260 1807 286 1843 ad
295 1808 310 1853 I,
322 1808 365 1845 191.
374 1804 418 1846 241.
430 1806 474 1846 867.
486 1805 539 1855 etc]
554 1806 599 1855 vel,
615 1818 639 1844 ex
650 1815 762 1845 consuetu-

44 1860 92 1897 dine
104 1858 203 1906 Lucretii,
217 1857 244 1895 ad
254 1870 318 1909 genus
329 1859 448 1907 posterioris
457 1857 554 1899 nominis,
566 1860 627 1898 lunae
638 1858 692 1907 dico,
705 1873 761 1897 com-

44 1912 128 1959 ponitur
138 1910 273 1947 adiectirurn:
287 1910 332 1947 redi
342 1910 368 1946 ad
379 1917 458 1947 annott.
469 1910 491 1946 in
502 1912 537 1956 tu,
547 1911 612 1949 507.¹‘
627 1914 659 1950 W
659 1914 696 1951 ek.
722 1913 762 1949 Mi-

43 1964 65 2000 hi
77 1963 135 2013 prior
144 1962 197 1999 retio
208 1961 347 2011 praeferenda
359 1962 451 2008 videtur3
467 1960 492 1999 de
504 1960 569 1999 altera
581 1962 637 1999 eninr
651 1963 761 2009 „Lucretii

45 2014 214 2052 consuetudine“
227 2012 279 2051 mihi
288 2013 383 2050 nondum
392 2013 465 2063 liquet.
479 2035 504 2041 -
517 2013 583 2062 euris]
595 2015 643 2054 Ver.
650 2016 701 2053 Ven.
711 2018 760 2066 aris,

44 2065 89 2106 Ald.
103 2066 119 2103 1.
132 2068 181 2106 Bon.
193 2080 267 2108 arrras;
279 2066 326 2103 Pius
338 2065 393 2103 male
405 2065 459 2103 coni.
472 2079 525 2103 orer.

96 2115 140 2156 474.
167 2133 204 2156 nec
213 2117 273 2155 Wak.
285 2116 350 2154 edidit
360 2130 371 2154 e
381 2116 446 2167 Lugd.
455 2117 473 2154 1.
483 2117 502 2154 2.
513 2117 574 2156 Poor.
583 2115 632 2156 Brit.
643 2118 661 2156 1.
670 2118 689 2156 3.
702 2121 760 2157 Ceut.

44 2168 97 2207 Brix.
109 2168 153 2205 Ald.
165 2171 182 2208 1.
192 2169 211 2208 2.
223 2170 273 2206 Bon.
285 2169 351 2214 Iunt.;
365 2167 428 2220 vulgo
437 2182 507 2219 neque.
526 2167 599 2208 urire.
611 2169 658 2207 Ver.
669 2171 720 2207 Veri.
731 2181 760 2209 nt.

97 2217 141 2259 475.
168 2221 244 2273 neque]
257 2221 286 2258 ita
296 2219 356 2257 Wak.
369 2233 418 2257 cum
430 2219 495 2269 Lugd.
507 2220 524 2258 1.
537 2221 555 2257 2.
567 2219 627 2259 Vind.
638 2222 699 2259 Poor.
710 2222 759 2260 Brit.

46 2275 65 2313 1.
77 2273 97 2311 2.
106 2273 125 2310 3.
141 2272 201 2312 Cant.
219 2278 240 2309 et
255 2273 334 2309 cunctis
350 2272 408 2309 editt.
426 2276 489 2315 vett.;
501 2270 563 2321 vulgo
582 2287 624 2310 nec.
638 2293 663 2303 -
671 2274 761 2324 suerunt

44 2323 109 2361 lectio
127 2329 157 2359 est
172 2322 230 2361 Vind.
249 2324 308 2363 Poor.
319 2325 376 2361 Cant.
389 2323 441 2360 Brix.
454 2323 500 2359 Ver.
514 2322 565 2360 Ven.
578 2324 632 2361 Iunt.
644 2330 666 2361 et
676 2324 722 2363 Ani.
732 2327 759 2372 2..

45 2388 97 2427 quas
108 2374 168 2413 Wak.
179 2375 284 2425 sequitur;
298 2376 359 2426 vulgo
362 2374 453 2427 suerint.

97 2425 142 2467 477.
168 2431 277 2478 utrasque]
292 2458 303 2476 ,‚
310 2428 338 2464 sic
349 2427 419 2464 omnia
427 2430 499 2463 vetera
509 2424 535 2462 ad
545 2437 611 2463 unum
623 2427 758 2478 exemplari33

45 2479 136 2517 editores
147 2479 255 2516 temerarii
265 2478 291 2515 de
304 2491 341 2516 suo
356 2491 451 2530 utrosque
463 2476 577 2527 intersere,
590 2484 614 2517 ut
625 2479 700 2529 modo,
713 2480 760 2531 pari

46 2544 95 2570 cum
106 2531 206 2581 audacia,
220 2530 277 2570 adv.
290 2527 354 2570 473.“
368 2534 400 2571 W
402 2533 439 2570 alt.
