1690 2654
314 29 488 91 monum.
546 27 579 103 J
626 29 628 32 ’
705 47 760 94 -57

92 158 119 197 ut
130 157 296 208 consanguineiun
305 171 382 207 mensas
395 159 455 201 odere
464 158 577 206 timentque.

119 209 221 249 Consimili
236 210 313 249 ratione
325 211 351 248 ab
364 211 432 249 eodem
444 222 504 260 saepo
516 208 589 257 timore
638 242 640 245 .
691 215 706 239 ’-

91 261 182 301 blaterat
193 261 277 301 invidia:
291 264 335 301 aute
346 263 412 301 oculos
426 263 488 300 ollum
498 273 539 300 esse
547 263 654 312 potentem,
733 258 759 301 75

92 314 161 351 Ollum
171 314 289 363 adspectari,
302 314 357 350 olore
371 314 406 361 qui
414 313 488 350 incedit
498 313 588 358 honore;

91 364 143 413 Ipsei
155 363 205 408 sein
218 364 302 402 tenebris
311 363 365 401 volvi
376 371 475 412 coenoque
485 368 596 411 queruntur.

75 444 78 449 .
91 415 191 454 intereunt
201 415 275 465 partim
285 418 394 454 statuorum
407 418 426 453 et
435 413 520 453 nominis
531 426 591 465 ergo;
606 460 608 462 v

91 468 118 505 Et
128 465 186 515 saepe
196 479 259 516 usque
269 468 318 505 adeo
328 468 397 505 mortis
407 467 513 505 formidine
524 466 580 505 vitae

92 518 284 566 Percipitbumanos
297 518 364 557 odium
372 518 461 567 lucisque
471 518 575 565 videndae,

92 570 119 608 Ut
128 568 166 609 sibi
176 568 295 613 consciscant
302 570 402 609 'moerenti
413 569 572 619 pectoralem,

94 619 174 668 Obiter,
187 622 262 661 iontem
275 633 369 661 mirorum
378 623 434 661 hune
444 620 598 668 esse-timorem

92 674 152 711 Hunc
159 685 231 712 venare
241 674 348 723 pudorem
361 674 415 711 hunc
423 674 503 711 vincula
515 671 611 711 amicitiai

93 725 208 773 Rumpere3‘
220 728 238 763 et
248 724 269 762 in
282 726 462 774 summa'pietatem
475 729 566 763 evertere
578 723 653 762 suadet.

91 776 143 817 Nam
153 777 194 814 iam
204 788 264 825 saepe
274 776 364 815 homines
373 776 459 826 patrium
468 776 565 825 carosque
576 774 674 824 potenteis
731 773 758 815 85

90 827 228 876 Prodiderat,
237 827 300 866 vilere
312 827 420 867 Acherusia
432 828 506 878 templa
516 824 621 876 petentes*

31 926 33 931 ¹
91 879 142 918 Nam
150 880 215 925 ¹veluti
223 879 291 929 puerei
302 879 406 927 trepidant,
419 883 478 928 atque
490 878 558 929 omnio
567 877 632 916 caecis

91 930 207 969 intenebris
217 933 319 976 metuunt3
332 930 361 968 sic
371 943 407 968 nos
423 929 443 967 in
454 932 499 968 lnce
509 929 601 968 timemus

91 981 197 1029 Interdum,
209 980 272 1020 nihilo
287 993 337 1031 quae
347 981 504 1020 suntmetuenda
513 981 585 1031 magis,
599 992 659 1030 quam

91 1034 150 1082 Quae
159 1033 226 1083 puerei
235 1032 351 1077 intenebris
362 1032 457 1082 pavitant,
470 1033 586 1083 finguntque
597 1033 671 1072 intutu.
730 1031 757 1073 00

90 1086 150 1130 Hunc
161 1084 224 1134 igitur
235 1088 331 1123 terrorem
342 1085 403 1123 animi
413 1086 556 1133 tenebrasque,
567 1097 646 1125 necesse
656 1086 692 1134 est,

91 1135 135 1177 uon
143 1134 207 1181 radici
217 1133 270 1183 solis,
278 1137 346 1186 neque
356 1136 423 1175 lueida
433 1136 473 1175 tela
483 1135 523 1175 diei

63 1233 66 1237 ι
90 1187 207 1235 Discutiunt,
218 1187 253 1226 sed
264 1192 346 1227 naturae
356 1187 438 1239 speeies,
449 1187 547 1237 ratioque.

69 1272 71 1274 .
116 1238 207 1279 Primum
216 1239 304 1278 animum
317 1240 368 1287 dico,
381 1243 466 1279 mentem
477 1247 534 1291 quem
544 1249 605 1290 saepe
615 1250 715 1287 vocamus,

90 1290 114 1332 Iu
124 1296 163 1342 quo
174 1290 278 1330 eonsilimn
288 1291 344 1330 vitae
352 1291 481 1342 regimenque
489 1292 575 1330 locatum
591 1295 626 1340 est,
730 1288 758 1334 05

90 1342 138 1382 Esse
149 1342 237 1384 hominis
242 1347 323 1394 purtem
332 1342 396 1383 nihilo
407 1343 478 1392 minos,
491 1354 517 1383 ac
525 1353 595 1384 manus
606 1348 626 1385 et
636 1356 671 1396 pes
690 1371 693 1375 ·

91 1394 155 1447 Atque
164 1395 231 1448 oculei
240 1400 304 1446 partes
316 1394 420 1436 animantis
430 1396 492 1435 totius
501 1400 584 1437 exstant
652 1398 653 1401 ’

98 1494 101 1498 ,
116 1449 212 1499 Quamvis
222 1448 286 1486 multa
295 1448 374 1498 quidem
380 1447 490 1497 sapientum
499 1450 558 1487 turba
566 1452 667 1499 putarunt,
734 1451 737 1455 '

92 1500 177 1548 Sensum
188 1499 250 1537 animi
261 1505 363 1541 certanou
373 1512 416 1537 esse
425 1499 446 1536 iu
457 1503 513 1549 parte
524 1501 623 1546 loeutum;
715 1506 717 1509 '

91 1552 164 1590 Verum
173 1551 266 1601 habitum
276 1551 373 1600 quendam
384 1550 467 1590 vitalem
480 1551 567 1600 corporis
577 1564 626 1600 esse,
717 1551 756 1592 100
772 1583 775 1587 .

89 1600 204 1654 Ἆρμονίαν-
214 1602 282 1641 G1·aiei
291 1614 350 1652 qnam
358 1602 433 1650 dicunt,
450 1603 483 1652 qui
494 1603 556 1641 faciut
563 1615 599 1641 nos
618 1611 620 1614 '

91 1656 163 1693 Vivere
170 1667 214 1693 sum
222 1667 286 1702 sensu,
293 1655 353 1692 'nullu
362 1667 421 1704 quom
431 1654 451 1692 in
462 1658 518 1704 parte
526 1655 564 1694 siet
571 1667 639 1700 meus:

90 1707 118 1746 Ut
130 1708 182 1745 bona
191 1718 250 1756 saepe
259 1706 350 1753 valetudo
358 1719 419 1755 quom
425 1706 499 1745 licitur
507 1719 549 1745 osse

90 1756 189 1807 Corporis,
202 1761 222 1796 e't
231 1770 269 1795 nou
280 1760 309 1796 e'st
318 1759 383 1796 tamen
392 1759 443 1796 haee
452 1770 498 1807 pars
505 1758 548 1796 ullo
556 1756 651 1805 valentis;
691 1793 693 1796 ,

90 1808 124 1847 Sic
135 1808 284 1854 animi-sensum
294 1820 333 1847 uon
343 1813 397 1848 certo
408 1814 464 1859 porte
473 1811 581 1858 reponunt:
603 1833 606 1837 ι
682 1819 684 1821 ’
703 1808 755 1860 105

89 1860 213 1911 Magnopero
222 1860 243 1898 in
252 1873 290 1909 quo
302 1855 331 1898 ini
341 1861 426 1900 divorsei
436 1873 503 1898 errare
510 1860 607 1899 videntur.

90 1910 154 1962 Saepe
161 1912 228 1961 itaque
236 1911 257 1950 iu
266 1915 431 1962 promte-eorpus,
444 1912 496 1961 quod
509 1912 703 1964 cerutunaegrum,

89 1963 155 2012 Quom
166 1967 233 2004 tamen
245 1977 269 2002 ex
282 1964 322 2003 alia
332 1965 431 2009 laetamur
440 1967 498 2015 parte
507 1961 590 2012 latenti3
622 2001 624 2004 Α
675 1968 697 2010 ᾗ

49 2022 50 2025 ’
83 2015 114 2053 -Et
122 2019 176 2054 retro
184 2017 212 2062 fit,
226 2016 259 2056 uti
266 2020 333 2054 contra
343 2016 369 2054 sit
375 2019 438 2068 ‘saepe
447 2016 541 2064 vicissim,

66 2083 68 2085 ·
89 2066 155 2114 Quom
164 2068 225 2106 miser'
236 2068 335 2107 exanimo
347 2069 433 2107 laetatur
444 2069 595 2118 eorporetotot
636 2085 638 2087 ·
713 2066 753 2107 110

90 2117 133 2157 Non
147 2119 186 2158 alio
197 2118 261 2169 poeto,
275 2133 335 2169 quom
344 2120 367 2169 si,
381 2134 415 2171 pes
428 2133 488 2169 quom
503 2120 556 2160 dolet
566 2117 628 2170 aegri,

89 2169 111 2206 ln
122 2171 177 2209 nullo
187 2176 245 2221 eaput
253 2172 329 2210 interea
337 2173 362 2211 sit
374 2174 426 2211 forte
437 2172 509 2209 dolore.
611 2211 613 2213 ,

88 2219 193 2261 Praeterea
204 2224 261 2262 molli
271 2227 331 2274 quom
341 2236 409 2262 somno
419 2223 486 2262 dedito
494 2223 591 2268 membra,

89 2270 218 2323 Effusumque
230 2275 282 2314 iacet
288 2276 330 2315 sine
340 2289 397 2314 sensu
407 2287 476 2325 corpus
489 2280 592 2320 onustumt

89 2322 124 2360 Est
130 2324 186 2362 uliud
196 2327 292 2365 tamenin
301 2327 365 2375 nobis,
378 2327 430 2377 qu'od
441 2332 528 2376 tempore
536 2327 558 2365 in
563 2326 603 2364 illo
713 2322 751 2364 115

23 2404 25 2407 ,
88 2372 211 2415 Multimodis
223 2378 320 2428 agitatur,
333 2383 353 2419 et
362 2378 436 2419 omneis
447 2378 518 2428 accipit
525 2378 546 2417 in
556 2391 577 2419 se

89 2422 185 2466 Laetitiae
192 2431 256 2469 motus
269 2442 357 2472 occutus
369 2431 432 2472 cordis
442 2430 523 2480 inaneis.
540 2442 553 2465 s
