1690 2654
212 97 253 138 nl)
270 89 406 135 LIBRUM
423 86 582 129 SEXToMs
709 84 758 130 553

40 212 114 252 meris,-
132 206 193 244 Wak.
204 217 253 242 vero
271 202 358 250 (Eichst.
369 198 446 244 orell.)
458 195 550 233 exhihuit
563 206 618 234 tusce
634 207 684 233 cum
694 195 758 238 Bodl.

39 259 100 298 Vind.
115 258 191 309 fragm.
200 255 261 293 Vind.
270 254 319 292 Brit.
329 253 348 291 3.
361 252 418 288 Cant.
430 250 477 285 Ver.
490 248 542 285 Ven.

91 312 148 350 1189·
175 311 244 348 nervei
261 308 341 344 trahere
359 315 380 341 et
397 299 493 348 tremere]
513 299 542 336 ita
558 297 620 336 Wak.
637 305 658 336 et
673 299 758 350 sequuti

40 362 129 400 editores
139 374 186 398 cum
198 358 293 395 omnibus
303 356 368 392 libris.
384 356 433 390 Hav·
441 358 462 388 et
473 350 528 401 vulg.
538 350 596 388 editt.
604 354 661 389 nervi
671 355 757 400 trahier,

39 414 134 460 tremere,
150 425 173 449 ex
184 412 255 449 Lamb.
265 406 393 455 mutatione,
412 403 448 456 qui
460 409 532 440 tamen
546 402 591 453 ipse
604 402 669 441 edidit
679 406 757 445 trohier

39 468 96 505 nervi
108 475 128 502 et
138 475 226 502 tremere.

92 516 148 553 1190.
175 518 194 552 A
202 511 298 564 pedihus]
314 511 375 546 Poor.
386 508 445 543 Cant.
460 511 492 544 De
499 508 592 559 pedibus.

91 567 148 604 1191.
174 567 222 603 Non
233 560 351 609 dubitabat]
372 562 400 597 to.
414 560 503 595 Auratns
513 559 565 596 mire
576 556 630 597 coni.
639 560 756 598 Endobito-

40 619 81 664 hat,
97 619 105 662 (
112 629 135 653 ex
147 617 197 654 endo
209 620 230 652 et
242 617 270 652 ito
283 610 430 660 compositum,
447 610 510 648 litera
520 613 533 650 b
542 612 640 659 inserta),
654 611 710 660 quod
719 625 756 649 vo·

39 668 78 705 luit
88 666 204 718 significare
215 665 331 717 incipiebat.
344 665 391 702 Non
403 664 510 701 dubitabat
520 662 576 699 vaiet
588 675 644 709 „non
655 663 755 711 cessabat,

39 719 73 757 vei
82 719 195 754 audehatf‘
213 716 280 764 (Coni.
292 714 378 765 quaein
390 714 493 750 Addendis
504 715 529 750 ed
544 716 631 753 111128.
643 714 755 764 dicentur.)

91 767 147 808 1194.
175 771 197 806 in
212 783 246 805 ore
261 771 330 804 iacens
340 767 428 813 rictum]
447 766 477 803 sic
488 766 515 802 ob
527 766 590 803 Codd.
606 768 756 804 auctoritatem

39 819 97 858 locus
106 819 157 857 mihi
170 817 325 856 constituendus
339 817 461 867 videbatur,
482 830 545 867 quem
556 824 628 855 tamen
639 818 710 868 paullo
720 818 755 856 in-

40 872 137 909 solentius
154 872 254 920 scriptum
270 882 313 906 esse
328 882 372 906 non
388 882 449 920 nego.
483 869 596 906 Annotevit
611 877 683 907 autem
701 870 756 908 hanc

38 923 153 959 lectionem
166 923 258 959 Heinsius
270 921 340 958 nescio
353 934 377 957 ex
389 934 429 970 quo
442 921 508 968 libro,
524 935 572 957 cum
584 934 625 970 qua
637 922 710 958 eadem
722 923 756 959 vi-

41 973 101 1011 detur
111 974 172 1011 Nonii
184 973 253 1021 (hunc
264 985 348 1010 versum
359 975 387 1020 n,
400 974 444 1012 868.
456 972 575 1022 afferentis)
588 979 608 1010 et
620 974 756 1024 antiquorum

40 1025 69 1063 Pii
82 1025 144 1063 Godd.
153 1027 256 1075 scripture
265 1029 287 1063 in
299 1040 332 1063 ora
345 1029 414 1064 iocans
424 1028 478 1063 rictu
490 1025 516 1074 (i.
530 1037 548 1063 e.
560 1028 638 1073 rictti);
660 1037 700 1063 nec
712 1025 756 1064 val·
810 1066 812 1071 .

40 1076 66 1113 de
82 1078 182 1113 recedunt
197 1076 347 1125 lantrude,
366 1080 388 1114 in
406 1092 439 1114 ore
453 1080 521 1114 iacens
534 1089 623 1124 rectum,
637 1078 711 1120 Peon,
733 1080 756 1116 in

40 1143 74 1166 ore
89 1131 141 1167 iacet
157 1140 244 1175 rectum,
264 1127 340 1179 fragm.
353 1127 425 1173 vind..
440 1130 506 1166 inoret
519 1131 573 1166 iacet
584 1131 668 1174 rictum,
685 1127 755 1178 Vind„

39 1181 129 1219 inhorret
138 1183 192 1219 iacet
208 1184 291 1226 rictum,
310 1179 375 1230 Lugd.
387 1181 405 1219 1.
418 1180 449 1225 2.,
465 1181 556 1219 inhorret
565 1182 619 1218 iacet
629 1192 706 1220 rectum
717 1192 755 1218 ex-

38 1229 143 1276 hibentes;
164 1232 211 1271 Brit.
227 1234 245 1270 1.
262 1232 326 1268 habet
342 1238 475 1283 Duraturque
491 1234 559 1270 horret
573 1236 647 1270 rictum
652 1248 660 1276 ,·
677 1244 755 1271 rectum

38 1294 88 1319 vero
100 1283 164 1319 etiam
175 1285 232 1320 Gant.
244 1283 350 1333 agnoscit,
371 1295 395 1318 ex
406 1295 447 1331 quo
459 1282 530 1331 Wak„
544 1295 619 1331 parum
628 1296 678 1320 sane
689 1296 755 1320 accu-

38 1338 108 1380 ratus,
132 1334 203 1383 priora
219 1335 283 1372 verba
301 1347 344 1372 non
357 1333 425 1372 affert.
453 1333 510 1373 Bodi,
526 1336 616 1373 inhorret
633 1337 712 1383 iacent,
733 1339 755 1372 et
802 1345 804 1348 '

39 1384 93 1421 Brix.
104 1387 150 1422 Ver.
161 1387 212 1423 Ven.
225 1390 316 1426 inhorret
325 1391 390 1436 iacet,
408 1386 470 1423 tertia
482 1398 534 1423 voce
547 1386 632 1432 omissa3
654 1399 707 1436 quae
720 1387 754 1424 la-

40 1448 93 1472 cuna
104 1436 126 1472 in
137 1438 187 1476 Brit.
197 1439 216 1476 3.
228 1438 257 1475 sic
269 1438 374 1488 expletur:
388 1441 408 1477 in
421 1454 453 1476 ore
465 1441 518 1476 iuret
528 1453 588 1484 casn,
601 1438 623 1473 in
634 1438 677 1474 Ald.
690 1440 708 1476 1.
718 1450 754 1476 ve·

39 1499 64 1524 ro
75 1494 96 1524 et
106 1491 167 1527 Bon:
181 1491 377 1542 inhorrebctfocies.
398 1489 476 1535 Quibus
487 1489 548 1526 variis
559 1489 684 1526 lectionibus
695 1502 754 1527 corn-

39 1539 116 1588 paratis
127 1547 189 1589 patet,
203 1542 272 1578 verhis
284 1545 350 1580 iacere
361 1548 382 1578 et
392 1544 465 1580 rictum
475 1541 516 1588 (vel
525 1543 610 1588 rectum)
622 1554 693 1579 veram
703 1554 754 1591 pro-

41 1590 75 1626 cul
89 1590 151 1629 dubio
168 1592 292 1642 scripturam
312 1592 425 1638 contineri3
445 1595 535 1631 inhorret
553 1593 654 1642 (incrtat)
675 1600 753 1643 autem,

39 1641 77 1678 nisi
91 1654 114 1679 er
128 1646 150 1682 in
166 1659 200 1682 ονο
216 1651 338 1694 corruptum
352 1657 472 1690 sumamus,
490 1644 558 1694 glossa
572 1644 631 1681 verbi
641 1650 700 1683 Duru
713 1645 754 1683 ha-

39 1693 107 1730 benda
118 1696 168 1743 erit,
186 1696 251 1733 serius
263 1703 349 1747 propter
360 1696 518 1733 similitudinem
534 1709 583 1733 cum
594 1700 615 1734 in
626 1712 659 1735 ore
669 1696 691 1733 in
701 1709 754 1733 con-

39 1750 118 1782 textum
130 1747 236 1784 translata.
265 1750 333 1793 Quare
347 1753 454 1797 receptam
468 1747 582 1785 lectionem
597 1747 661 1785 talem
677 1748 754 1796 iudico,

41 1795 66 1832 de
80 1809 120 1846 qua
131 1798 219 1837 editores
230 1800 316 1837 minime
328 1799 424 1837 dubitare
437 1800 566 1846 debuissent,
581 1799 674 1850 quamvis
684 1800 753 1850 primo

41 1847 139 1897 adspectu
148 1851 220 1900 paullo
232 1852 304 1889 durior
313 1852 414 1890 videatur.
441 1855 525 1890 Rictum
539 1851 605 1898 enim,
625 1852 753 1900 aringode-

40 1898 137 1948 rivatum,
153 1915 193 1952 quo
204 1904 307 1946 vocabulo
319 1910 389 1941 noster
402 1903 466 1941 etiam
479 1905 503 1951 V,
514 1904 570 1943 1063.
582 1909 603 1940 et
612 1903 682 1940 Cicero
693 1905 753 1944 Verr.

40 1948 110 1999 tute.
121 1960 214 2002 utuntur,
222 1962 252 1993 est
262 1955 331 1993 hiatus
341 1955 389 2003 oris,
398 1956 425 1993 ob
435 1962 515 1993 aestum
524 1955 630 1993 internum
641 1961 661 1993 et
671 1955 754 1995 dolores

42 2004 134 2051 apertiet
143 2005 235 2055 distorti3
249 2008 305 2059 quod
315 2020 379 2059 quum
388 2011 496 2061 premendo
505 2008 563 2058 quasi
575 2011 595 2046 in
607 2023 640 2046 ονο
651 2020 686 2044 seu
693 2008 754 2046 vultu

42 2055 106 2093 iacere
116 2056 236 2104 dicitrinum
246 2060 352 2098 offendere
361 2066 429 2110 potest
434 2060 589 2109 recordantem,
598 2059 647 2096 aiibi
657 2062 752 2108 etiam,v.

43 2117 61 2142 ⁰·
71 2109 96 2154 ΙΙ,
104 2108 149 2148 313.
160 2115 181 2147 et
189 2111 247 2160 518.‚
261 2113 350 2150 verbum
361 2116 427 2151 iacere
437 2125 475 2162 pro
485 2111 575 2161 simplici
586 2125 638 2158 este,
653 2112 686 2149 vei
695 2115 754 2165 posi-

43 2166 84 2195 tum
95 2174 136 2198 erce
149 2173 161 2198 a
172 2169 244 2201 nostro
256 2164 356 2203 adhiberi.
384 2166 489 2211 Quantum
500 2176 549 2202 vero
565 2163 635 2201 valeat
650 2163 711 2202 huius
721 2163 753 2202 rei

43 2214 214 2252 commemoratio
229 2216 257 2254 ad
272 2217 395 2255 foeditatem
409 2223 429 2254 et
445 2215 549 2254 tristitiam
561 2214 657 2266 imaginis
672 2229 752 2269 augen-

43 2257 148 2319 davael
160 2278 194 2302 me
204 2280 246 2305 non
258 2276 369 2317 monente,
384 2269 470 2320 quisque
482 2269 545 2305 facile
553 2267 658 2319 inteiligit.
671 2291 696 2297 -
709 2281 752 2307 ten-

44 2311 79 2368 ta]
93 2326 122 2351 src
135 2315 164 2353 Pii
176 2318 261 2368 quidam
272 2321 334 2360 Codd.
346 2324 401 2360 Iunt.
412 2328 433 2359 et
444 2320 488 2359 Ald.
496 2322 526 2367 2,
546 2333 598 2370 quos
608 2320 656 2358 inde
667 2334 678 2358 a
689 2322 752 2357 Lam·

42 2360 91 2399 hmo
101 2377 171 2406 omnes
181 2370 270 2411 editores
279 2373 325 2412 iure
335 2372 418 2424 sequuti
429 2380 483 2419 sunt,
495 2372 546 2410 licet
554 2373 617 2410 ceteri
626 2372 673 2423 iibri
680 2384 751 2410 omnes

44 2423 97 2452 tecta
106 2418 220 2464 exhibeant.
248 2430 313 2465 Teuta
322 2426 378 2463 enim
388 2438 430 2464 non
442 2426 504 2463 modo
515 2425 578 2476 longe
587 2425 696 2463 meliorem
704 2436 751 2460 sen-

43 2475 88 2502 sum
97 2471 192 2524 praehet,
206 2476 244 2515 sed
252 2478 386 2531 Hippocratis
401 2479 466 2517 etiam
476 2478 524 2517 loco
535 2478 627 2529 quodam
636 2477 725 2524 iuvatur,
737 2488 750 2514 a

72 2536 187 2572 wormes.
539 2535 595 2576 Aua
