1690 2654
215 93 256 134 ao
272 92 403 141 morou
419 93 583 146 oumruu.
711 94 759 140 eoo

40 201 131 251 doctiss,
144 202 268 253 neutiquam
278 206 336 239 caret
345 201 435 241 ablativo
446 200 570 250 desiderato,
581 201 599 240 si
607 201 716 256 vulgatam
725 219 758 244 ve·

40 255 107 292 tirolis
119 266 167 292 cum
179 253 237 292 libris
246 252 292 291 fere
301 253 397 293 omnibus
406 254 527 294 retinemus.
547 255 658 301 (Ceterum
668 256 757 295 verbum

40 307 121 352 Elorere
128 304 202 343 eodem
211 303 276 343 modo
282 311 405 357 usurpatum
414 305 503 344 vidimus
508 307 523 355 Ι,
530 306 575 345 256.
584 311 604 342 et
610 307 633 355 V,
641 308 696 355 910.)
709 307 756 346 Obi-

39 362 73 394 ter
82 361 165 394 tantum
180 368 325 395 commemoro
335 357 465 395 coniecturas
474 357 540 394 Vossii
551 356 577 393 ad
589 357 664 397 Catull.
679 373 700 410 p.
710 361 757 400 771:

42 411 65 445 Τ.
71 423 96 446 m.
105 409 212 447 velivolum
216 410 243 461 fl
253 410 324 457 Protei
330 404 420 456 ad'oros,
428 406 550 446 etttitanii:
565 411 619 448 ltro.
628 411 722 450 velivolis
728 413 756 463 st

39 459 127 498 navibus
140 462 205 511 ponti.
232 458 306 508 (Gonf.
320 459 395 508 etiam,
409 470 463 511 quae
472 457 499 497 de
509 458 550 498 hoc
563 457 611 498 loco
621 459 723 513 disputavi
732 463 756 502 in

39 509 89 561 Diss.
102 521 151 548 mea
161 509 188 548 de
197 512 258 549 Luc'r.
270 524 291 563 p.
302 512 325 551 81
337 514 378 561 ss.)

91 559 148 600 1444.
175 563 265 616 „prius1
277 562 331 601 Brit.
341 564 360 602 1.
374 571 432 615 port,-
445 559 536 608 rectius,
549 566 574 603 ut
588 561 691 603 arbitror.-
704 576 756 604 nam

39 610 112 657 solerev
126 613 222 652 homines
241 613 335 653 versibus
357 611 472 652 recitandis
492 611 561 651 otium
581 612 639 663 prius
655 615 756 666 mulcere,
790 655 795 660 ,

39 675 103 712 quam
117 663 227 704 literarum
240 678 288 704 usus
304 664 331 704 sit
343 670 450 716 repertus,
466 670 487 703 et
497 675 567 714 perse
577 677 627 705 vero
637 667 705 706 simile
716 674 756 718 est,

39 719 61 752 et
73 727 147 754 verum
161 715 264 756 evincitur
278 718 311 756 vel
325 716 387 754 unius
401 716 530 754 carminibus
543 718 658 756 Homeri‚“
681 722 713 759 W
716 723 758 759 akr

39 767 119 803 Tamen
129 768 155 805 oh
165 769 227 806 unius
238 769 287 808 God.
295 769 418 806 recentioris
428 769 577 807 auctoritatem
590 771 698 822 vulgatam
712 785 755 810 non

39 818 193 857 sollicitandam
206 826 265 870 puto.

62 897 64 900 s
90 866 148 911 1445.
174 871 254 922 ortum]
268 871 319 910 ven.
332 868 374 910 Ald.
386 871 404 912 1.
419 871 565 917 Buthrotum·

92 918 150 962 1446.
175 922 258 976 nequit]
273 924 320 961 Ver.
332 923 383 962 ven.
398 937 424 960 ne
434 924 489 975 quid·
508 943 535 950 -·
552 923 620 973 ratio]
633 922 694 962 Vind.
705 925 755 964 Brit.

39 971 56 1010 2.
64 972 82 1012 3.
96 974 156 1014 Cant.
165 975 215 1014 Ver.
225 975 277 1012 Ven.
288 977 379 1020 ratione,
392 972 517 1011 adhaerente
526 974 594 1022 prima
605 976 710 1025 sequentis
718 989 756 1015 vo-

5 1059 6 1062 ,
40 1023 69 1061 cis
82 1024 169 1074 syllaba.
183 1025 334 1075 -monstrot]
349 1025 559 1076 Brit.2.monstront.
748 1058 750 1060 -

89 1074 149 1116 1450.
174 1076 210 1128 oc]
229 1077 259 1115 sic
273 1075 332 1116 Wak.
349 1077 398 1115 cum
414 1077 487 1124 Cant.;
506 1075 570 1128 uulgo
586 1087 613 1117 et.
626 1098 652 1106 -
662 1078 753 1131 politus]

38 1126 68 1165 ita
81 1127 143 1168 Wak.
159 1140 172 1166 e
189 1128 321 1176 coniectura,
334 1128 362 1166 ab
374 1127 449 1166 Eichst.
462 1127 524 1165 etiam
534 1135 631 1179 recepta,
644 1136 669 1166 ut
676 1132 755 1184 politus

24 1184 87 1218 'usus
101 1179 137 1218 hic
149 1179 189 1229 sit,
202 1180 259 1231 „qui
271 1179 385 1230 polituram
399 1179 434 1218 vel
450 1180 530 1230 pariat,
544 1179 578 1217 vel
590 1180 678 1229 habeat,
692 1188 713 1219 et
728 1182 755 1220 ad

37 1230 191 1280 perfectionem
203 1231 317 1283 aliqualem
333 1231 364 1279 sit
375 1230 496 1270 excultus.“
528 1228 639 1270 Librorum
653 1232 754 1272 lectiones

38 1281 68 1320 sic
83 1294 105 1322 se
117 1281 206 1322 habent:
220 1284 282 1322 Vind.
291 1282 340 1323 Brit.
349 1284 369 1323 2.
379 1284 399 1323 3.
411 1283 473 1321 Poor.
483 1284 558 1336 polito,
572 1284 639 1335 Lugd.
650 1286 669 1323 Ξ.
677 1287 752 1337 polito,

38 1333 90 1371 Brix.
108 1335 156 1373 Ver.
172 1336 223 1375 Ven.
236 1337 323 1389 politos,
338 1334 394 1385 quod
409 1333 472 1371 Orell.
485 1334 577 1385 recepit,
595 1335 672 1372 collato
688 1336 703 1374 l.
718 1340 753 1376 Ill.

38 1397 57 1422 v.
69 1386 128 1435 308„
148 1386 198 1439 (qui
212 1393 296 1436 tamen,
316 1398 381 1436 quum
397 1387 499 1425 hominum
510 1401 574 1438 genus
590 1386 715 1436 praecedat,
731 1395 753 1427 et

37 1448 155 1486 pronomen
170 1442 267 1491 quosdam
283 1437 377 1477 additum
394 1436 432 1486 sit,
446 1436 508 1488 longe
521 1436 597 1475 diversi
609 1443 639 1476 est
648 1439 752 1490 generis‚)
769 1448 773 1452 ’“

37 1492 61 1526 ut
70 1500 141 1538 sensus
153 1490 190 1528 sit:
205 1493 277 1541 „Usus
287 1496 308 1528 et
320 1488 447 1540 experientia
457 1488 574 1526 docuerunt
583 1489 678 1527 homines
687 1491 753 1529 semel

34 1541 113 1629 ροῖὶιῖε
122 1541 205 1632 navlilgia
214 1544 265 1591 etc.;
280 1540 336 1594 quod
345 1539 477 1579 artificiosius
485 1539 574 1579 videtur.
600 1541 668 1593 Vulgo
675 1544 752 1596 polire,

37 1592 110 1631 utrei
127 1593 148 1631 ui
169 1592 215 1634 bri.
373 1609 377 1614 ’

89 1605 147 1684 1412.
169 1645 346 1699 progredienteir]
366 1643 397 1682 sic
410 1645 461 1682 Hav.
476 1648 498 1682 et
512 1642 574 1682 Wak.
589 1656 638 1683 cum
652 1645 718 1698 Lugd.
731 1646 761 1700 2„

37 1692 83 1734 Ald.
95 1696 114 1748 15
125 1697 188 1746 Bon.;
203 1696 269 1736 ceteri
278 1695 328 1741 libri
335 1698 499 1750 progredientes,
512 1701 537 1733 ut
545 1694 615 1748 vulgo.
657 1720 665 1729 2

38 1792 40 1795 .
89 1744 123 1798 14
155 1749 235 1802 {erigit
250 1747 311 1788 Wak.
327 1747 419 1785 restituit
436 1760 460 1785 ex
476 1746 573 1786 omnibus
592 1745 651 1786 libris
669 1754 753 1797 praeter

37 1797 93 1836 Iunt.
105 1803 138 1838 etr¹
148 1811 151 1818 ‘¹
159 1798 180 1837 d.
189 1800 288 1850 2.‚-qu'ec
301 1798 409 1851 vulgatam
423 1798 502 1838 hahent
511 1802 576 1848 eruit,
590 1811 630 1837 ev.
643 1800 699 1840 1388.
711 1801 752 1839 huc

37 1849 165 1892 translatam.
192 1851 280 1900 Orellius
291 1856 375 1900 tamen,
390 1850 428 1889 etsi
444 1850 551 1900 concedit,
565 1852 704 1900 „Lucretium
719 1852 752 1889 in·

36 1900 121 1940 terdu'm
136 1904 231 1942 consulto
248 1902 325 1941 similes
342 1915 414 1940 versus
428 1902 503 1940 leviter
513 1902 668 1951 inrmutasse,“
680 1910 752 1941 temen

37 1953 149 2005 utrobique
165 1955 222 1993 idem
235 1955 440 2005 verbum-³praestare
451 1954 576 2001 arbitratur,
589 1966 651 1993 causa
661 1967 704 1993 non
716 1955 753 1994 atl-

38 2003 172 2057 ditarquare
187 2007 223 2046 hic
239 2006 302 2045 etiam
315 2009 369 2046 eruit
382 2005 487 2044 edendum
498 2005 583 2044 curavit.
610 2007 677 2056 „Non
688 2008 751 2057 enim,
810 2037 818 2041 -.

37 2057 110 2095 scribit
121 2070 170 2097 cum
179 2058 271 2098 Oudend.
283 2057 310 2096 ad
320 2057 400 2109 Apulei.
406 2059 456 2095 Met.
463 2059 479 2096 Ι.
490 2070 511 2107 p.
516 2055 569 2104 470„
580 2069 604 2095 ea
615 2064 697 2097 tantum
707 2064 753 2100 erui

37 2106 141 2159 dicuntur,
155 2111 239 2162 quaein
249 2118 319 2148 terrae
326 2109 393 2147 latent
401 2109 520 2157 visceribus,
533 2108 569 2146 sed
578 2115 600 2146 et
608 2109 652 2157 illa,
667 2112 751 2162 quaein

37 2158 109 2198 abdito
116 2168 164 2200 sunt
171 2162 304 2201 recondita.“
319 2160 370 2199 Mihi
379 2167 449 2199 tamen
460 2167 479 2199 et
487 2159 550 2199 Codd.
561 2160 675 2200 auctoritas
687 2169 707 2200 et
712 2165 751 2201 Lu·

38 2211 97 2249 cretii
107 2214 237 2253 consuetudo
245 2214 352 2265 vulgatam
362 2212 410 2251 satis
418 2224 520 2264 superque
528 2210 641 2251 defendere
648 2213 750 2253 videntur.

89 2262 145 2306 1455.
168 2266 228 2317 olid]
246 2265 308 2307 Vind.
324 2266 385 2305 Poor.
402 2264 455 2304 Brit.
468 2266 486 2304 1.
499 2265 518 2304 2.
532 2264 551 2303 3.
566 2264 621 2306 Brix.
636 2266 684 2304 Ver.
700 2269 750 2307 Ven.

38 2312 100 2355 aliud.
112 2336 139 2345 -
151 2318 260 2368 videbant]
275 2316 305 2356 sic
318 2315 379 2363 Wak.
396 2329 444 2354 cum
458 2315 517 2355 libris
532 2321 614 2355 tantum
628 2329 671 2356 non
683 2318 749 2356 omni·

37 2362 88 2414 hus;
101 2369 164 2420 vulgo
176 2372 278 2417 videmus,
293 2374 317 2407 ut
324 2368 390 2420 Lugd,
401 2370 421 2408 2,
432 2374 454 2406 et
464 2368 513 2410 Brit,
524 2369 544 2409 1.

90 2415 148 2461 1456.
174 2421 276 2472 linibus]
285 2420 354 2460 Bentl.
366 2420 573 2471 contererentur,
587 2419 631 2459 sine
642 2431 710 2458 causa.

67 2539 184 2571 noceamus.
453 2568 455 2577 ,
555 2529 596 2568 Rr
