1690 2654
251 126 293 167 AD
310 117 447 163 LIBRUM
464 117 613 158 surturi.
747 115 795 160 439

79 236 178 275 scribitur
188 236 305 286 deperiunt,
325 227 382 280 quod
393 228 455 265 Poor.
472 225 521 267 Brit.
534 228 551 267 1.
562 228 608 265 Ver.
619 228 664 267 Ver.
676 226 699 265 in
710 230 795 280 Compe-

9 327 11 331 .
80 292 136 329 riont
148 290 291 335 corrumpunt.

131 338 176 379 492.
204 335 285 384 caulos]
300 330 360 371 Vind,
371 331 419 369 Brit.
429 332 448 372 3.
459 332 517 368 Cant.
528 331 574 368 Ver.
585 331 634 368 Ven.
646 347 724 380 coccos,
739 330 793 369 Brin.

80 406 148 432 covus.

131 442 176 481 496.
202 436 284 487 humor]
301 434 361 475 Wak.
375 434 477 480 observat,
492 432 590 485 „ambigi
601 445 667 483 posse,
680 447 706 472 an
717 436 795 472 Lucre-

80 494 121 531 tius
131 490 212 530 dederit
223 492 280 537 udor,
295 486 351 538 quod
364 486 390 522 ob
402 485 535 522 insolentiam
546 485 603 522 vocis
615 493 635 522 et
645 486 754 523 literarum
765 485 795 522 vi-

81 544 156 582 ciniam
167 541 230 579 facile
240 540 262 576 in
275 554 331 577 umor
341 536 458 587 demigrare
469 537 574 586 potuerit5
595 538 726 574 Lactantium
739 537 796 574 enirn

80 596 165 634 adstat.
175 593 313 638 TheuLeot.
325 589 377 627 haec
388 595 498 626 annotare:
513 588 652 638 „Secundum
663 589 795 637 Lucretium

81 647 117 698 qui
131 646 181 683 dicit
194 658 218 682 ex
229 646 291 682 odore
305 649 375 678 terrae
391 640 545 690 (vidsuprav.
557 639 614 686 477.)
634 642 719 679 nebulas
738 640 795 690 oriri,

81 711 106 737 en
116 696 197 735 nebulis
207 695 283 744 nubes,
305 706 329 731 ex
338 692 427 729 nubibus
443 692 534 742 pluvias:
555 705 579 729 ex
590 693 664 743 quihus
674 706 745 731 amnes
756 705 796 730 uu-

81 750 179 802 gentur.“
205 746 256 786 Mihi
265 752 376 797 propterea
392 744 515 795 devolgata
529 758 572 782 non
583 744 722 783 dubitandum
735 744 796 782 vide-

81 809 122 839 tur,
135 823 160 830 -
174 800 284 846 demissus]
302 798 332 835 sic
344 796 418 846 optimi
429 803 450 833 et
461 797 599 846 antiquissimi
611 797 685 843 Codd.,
700 810 751 849 quos
761 809 796 834 au·

81 853 166 890 diendos
183 852 236 889 duni.
263 849 323 888 Wak.
343 849 443 899 (Eichst.)
459 861 470 885 e
486 848 543 888 b'odl.
560 850 620 886 Poor.
638 851 695 888 Cant.
712 856 733 886 et
745 854 795 887 vett.

82 905 138 943 editt.
153 904 232 954 recepit
246 904 348 947 dimissos,
363 900 426 951 quod,
438 913 487 938 cum
498 903 587 939 Decidat
599 902 749 948 consociatum,
761 913 796 937 ex-

81 957 154 1007 plicat:
175 956 290 1002 „deorsum
308 952 378 998 cadat,
399 954 487 1004 undique
503 955 635 1005 dispersits.·“
654 966 692 1003 per
708 966 730 990 se
747 951 796 989 satis

81 1007 224 1058 probabiliter,
238 1005 278 1043 nisi
287 1004 385 1043 meliores
394 1003 444 1041 libri
454 1004 568 1041 obstarent.
588 1005 648 1049 Quod
659 1011 729 1042 autem
735 1003 796 1043 Wak.

82 1060 138 1107 dicit,
147 1063 245 1098 demissos
252 1064 300 1095 ante
312 1059 395 1095 decidat
406 1069 491 1106 prorsus
503 1069 682 1105 supervacaneum
696 1069 746 1104 esse,
754 1056 796 1093 hoc

81 1111 134 1149 nihil
143 1111 208 1158 valet3
223 1110 305 1148 sienim
316 1108 380 1155 verba
389 1108 418 1144 sic
429 1108 586 1159 coniungimus:
599 1111 681 1160 pluvius
691 1111 762 1148 huntur
774 1111 796 1146 in

82 1174 147 1202 terras
157 1165 246 1207 decidit,
266 1172 289 1200 ut
301 1163 399 1200 demissus
409 1161 481 1207 imber,
501 1159 553 1196 nihil
563 1165 632 1209 potest
644 1160 761 1208 offendere,
776 1164 797 1196 et

81 1215 193 1265 respondet
202 1214 237 1251 hic
245 1214 304 1251 locus
315 1225 378 1262 supra
389 1224 407 1249 v.
419 1212 459 1251 256
469 1224 495 1249 ss.
506 1217 526 1248 et
538 1225 556 1248 v.
567 1211 640 1259 trem
656 1212 711 1263 quod
722 1212 797 1249 etiam-

82 1268 150 1303 sinon
159 1267 244 1313 liceret,
258 1265 309 1302 alibi
320 1265 363 1301 iam
371 1262 470 1311 vidimus,
485 1270 613 1313 quantopere
620 1264 728 1301 Lucretius
740 1269 797 1299 amet

83 1318 146 1355 verba
158 1317 251 1355 eiusdem
263 1315 419 1367 significationis
430 1316 502 1364 copiae
513 1326 575 1352 causa
585 1315 700 1355 cumulare.
722 1313 796 1364 (Conf.

83 1381 145 1419 supra
157 1370 211 1408 adv.
222 1371 253 1409 53.
265 1368 326 1406 huius
338 1367 407 1414 libri.)

135 1421 180 1460 498.
208 1421 298 1470 vincam]
313 1419 366 1457 uedi
376 1419 402 1455 ad
413 1421 436 1466 Il,
448 1416 492 1457 748.
504 1420 561 1456 vinco
567 1419 624 1469 fieri.
638 1418 699 1458 Vind.
709 1421 795 1466 tineam,

84 1471 133 1512 Brit.
146 1475 163 1511 1.
175 1476 242 1520 niveo,
256 1473 303 1509 Brit.
315 1473 334 1511 3.
347 1473 434 1509 videam.

134 1525 179 1564 500.
207 1524 287 1574 nibeis]
302 1522 363 1562 Vind.
371 1522 448 1562 Erite.
460 1522 550 1569 nubibus,
564 1521 702 1562 Poor.Brit.1.
713 1522 796 1560 nimbos.

134 1577 179 1616 501.
205 1591 277 1629 corpus
287 1591 331 1614 cum
346 1574 456 1626 sanguine]
475 1574 546 1612 Lamb.
558 1579 578 1610 et
595 1574 661 1614 Bentl.
675 1573 797 1610 maluissent

85 1632 169 1679 sanguis
180 1643 223 1677 curn
235 1643 318 1682 corpore
322 1643 330 1673 ,·
344 1627 400 1678 quod
411 1626 492 1677 planius
504 1625 576 1677 utique
589 1625 669 1675 fuisset,
683 1625 719 1663 sed
728 1625 797 1674 minus

100 1680 198 1719 oeticutn.

85 1691 97 1727 p
123 1732 180 1771 ⁴502.
206 1732 286 1780 Sudor]
300 1729 366 1768 Bentl.
376 1742 451 1781 parurn
461 1729 552 1767 feliciter
564 1729 618 1768 coni.
631 1732 692 1769 Udor.

135 1784 180 1824 503.
210 1783 340 1834 Concipiout]
356 1782 440 1833 quidam
451 1781 480 1818 Pii
491 1781 554 1818 Godd.
562 1787 684 1834 Corragum,
699 1792 723 1817 ex
733 1779 798 1817 inter-

84 1837 212 1884 pretatione3
231 1835 291 1872 Vind.
304 1838 426 1880 Concutiat,
447 1835 494 1873 Ver.
505 1836 555 1870 Ven.
568 1836 712 1878 Concoderint,
730 1830 797 1882 Lugd-

85 1889 103 1925 1.
114 1888 132 1925 2.
146 1888 207 1925 Cant.
220 1889 344 1935 Concidiunt,
358 1886 430 1926 urite.
444 1888 584 1924 Conciderant.
611 1889 718 1936 Cotzcipcre
727 1889 798 1920 autem

85 1939 164 1987 saepius
176 1939 202 1977 de
213 1938 335 1989 corporibus
347 1950 389 1976 non
402 1937 473 1975 solidis
484 1944 504 1975 et
516 1938 630 1987 compactis
642 1936 729 1983 dicitur,
744 1946 797 1985 qrrae

84 1989 206 2028 humoribus
217 1991 352 2037 imbuuntur;
366 2003 386 2026 v.
399 2003 416 2028 c.
428 1989 484 2033 infra
493 2002 511 2026 v.
518 1988 563 2028 472.
578 1989 640 2036 (coll.
652 2001 700 2025 curn
710 2001 729 2026 v.
740 1989 797 2034 629.)

84 2040 145 2082 Wak.
158 2043 230 2081 laudat
239 2042 347 2080 Columell.
358 2041 384 2079 de
396 2041 455 2079 arbb.
466 2054 484 2079 c.
496 2043 526 2080 10.
544 2041 594 2079 Plin.
607 2042 632 2080 H.
644 2042 669 2079 N.
681 2040 752 2090 XVII,
764 2040 797 2078 33.

86 2098 106 2132 et
118 2094 175 2137 ovid.
186 2097 239 2134 Met.
252 2096 290 2141 VI,
304 2095 349 2134 397.

11 2130 12 2133 Ἴ
81 2146 86 2160 ³
135 2146 180 2189 504.
209 2146 270 2185 ConF.
282 2147 339 2198 Virg.
351 2145 498 2195 Geo.1‚397.‚
512 2143 664 2183 aWakefieldo
676 2143 771 2182 collatus.

136 2200 182 2239 505.
208 2215 292 2252 supera,
306 2200 429 2244 ut11[,386.
441 2198 489 2247 (ubi
498 2197 539 2235 vid.
552 2198 646 2246 annon.)
660 2198 683 2245 V,
695 2194 752 2236 1406.
763 2196 797 2242 Vl,

85 2248 130 2288 269.
140 2252 185 2291 536.
198 2257 238 2289 etc.
250 2251 299 2288 Brit.
310 2252 329 2291 3.
340 2251 392 2288 Brix.
402 2251 450 2287 Ver.
461 2251 514 2289 Ven.
521 2265 591 2300 super,
605 2249 665 2286 Poor.
677 2252 733 2287 Cant.
743 2249 797 2285 Iunt.

86 2300 158 2343 Alci-2.
174 2319 243 2356 sopra.
258 2324 284 2331 —
297 2319 353 2343 more
370 2302 448 2351 ventei]
468 2301 497 2340 sic
513 2300 573 2340 lllalr.
593 2312 617 2338 er
628 2301 724 2338 omnibus
739 2297 797 2336 libris

86 2355 185 2403 restituit,
200 2358 255 2396 lunt.
268 2361 289 2393 et
299 2355 344 2393 Ald.
353 2356 371 2394 2.
386 2353 488 2405 exceptis,
503 2365 556 2405 quae
566 2352 675 2406 vulgarem
686 2351 798 2391 verborum

88 2404 181 2445 ordinem
191 2408 289 2445 exhibent
298 2410 354 2446 venti
363 2422 424 2446 more.

138 2460 182 2499 509.
210 2472 253 2499 tom
262 2475 282 2498 se
292 2462 395 2498 dimittere
411 2456 535 2497 Wakefieldi
546 2463 577 2496 est
589 2457 721 2502 coniectura,
735 2464 798 2505 quam

89 2519 136 2548 curn
151 2511 226 2552 Eichst.
242 2511 333 2563 praetuli
347 2511 422 2550 ceteris
437 2510 497 2549 huius
512 2510 551 2549 viri
569 2507 739 2553 divinationibus,
762 2504 799 2557 qui
