1690 2654
277 65 434 133 1111111111.

48 202 191 255 Multiplexque
202 203 242 244 loci
253 203 339 255 spatium
351 207 483 244 transcurrere
493 203 564 243 'eodeni

48 253 154 306 Tempore,
168 269 207 306 quo
220 257 266 296 solis
278 258 395 308 pervolgant
407 256 483 295 lumina
496 255 587 295 coelum?

73 310 118 346 Hoc
130 309 190 347 etiam
202 309 223 346 in
236 309 306 359 primis
319 309 417 358 specimen
429 320 499 345 verum
511 321 554 346 esse
564 308 648 358 uidetur,
671 308 711 348 21⁰

47 359 114 407 Quam
127 360 187 397 celeri
198 365 255 398 motu
267 372 339 397 rorumv
347 360 453 397 simulacra
466 360 565 398 terantur:
622 403 625 409 ¹

47 411 113 459 Quod,
125 410 185 448 simul
201 422 226 449 ee
239 410 326 460 primum
337 412 375 448 11111
389 410 423 448 diu
432 409 523 459 splendor
535 412 593 461 aquai

43 463 136 509 Ponitur,
150 463 253 512 extemplo,
267 463 322 500 coelo
336 463 425 501 stellante
437 474 512 507 sereno,

46 514 117 552 Sidera
129 513 246 562 respondent
257 513 279 552 in
291 526 344 562 aqua
355 513 454 552 radiantia
466 512 541 551 mundi.

46 566 114 604 Iamne
125 564 180 603 vides
192 565 260 617 igitur,
274 578 333 614 quarn
342 569 418 615 puncto
431 567 519 614 tempore
532 564 602 616 imago
669 566 709 608 215

45 615 137 656 Aetheris
149 629 174 655 ex
186 618 225 656 oris
237 617 258 657 in
270 620 368 656 terrarum
380 616 452 657 accidit
464 615 523 656 oras?

46 669 114 717 Quare
127 669 185 707 etiam
199 674 257 719 atque
271 669 331 708 etiam
345 671 397 709 mira
410 670 486 707 fateare
498 672 577 714 necesse
588 672 618 709 est
700 678 708 694 s

46 722 141 770 Corpora,
155 720 291 771 quaeteriaut
304 723 370 760 oculos
382 722 486 769 visumque
497 721 600 769 lacessant,

44 773 183 822 Perpetuoque
190 773 258 813 ,fluant
269 773 326 810 certis
338 775 364 812 ab
376 774 435 812 rebus
448 773 529 818 obortu3

44 823 118 875 Frigus
132 828 154 863 ut
166 836 179 863 a
191 824 264 872 fluviis,
277 825 331 863 calor
344 825 369 863 ab
383 824 430 872 sole,
444 826 508 862 aestus
521 823 618 864 abundis
666 826 707 868 220

44 875 147 926 Aequoris,
160 888 229 915 exesor
240 888 352 914 moerorum
363 876 424 914 litore
436 875 524 922 circum;
569 894 571 896 ·
609 896 610 899 =

43 928 84 965 Nec
96 928 165 966 variae
177 931 251 976 cessant
262 940 321 966 voces
333 929 416 966 volitare
428 940 463 975 per
479 939 549 973 auras;

43 978 165 1029 'Denique'in
173 992 199 1019 os
212 978 258 1018 salsi
269 978 323 1017 venit
334 979 407 1018 humor
419 990 478 1027 saepe
490 977 572 1027 saporis,

42 1031 109 1080 Quom
120 1043 176 1070 mare
188 1042 292 1070 versamur
303 1033 396 1080 propter3
409 1030 510 1080 dilutaque
522 1035 591 1069 contra

42 1083 109 1130 Quom
120 1083 195 1121 tuimur
206 1082 285 1120 misceri
297 1083 402 1130 absinthia,
415 1082 480 1132 tangit
492 1093 579 1121 eruerer.

41 1134 108 1182 Usque
120 1135 169 1172 adeo
182 1134 272 1173 omuibus
285 1134 310 1172 ah
323 1136 382 1172 rebus
393 1147 425 1172 res
438 1146 526 1182 quaeque
537 1135 621 1173 fluenter

41 1184 119 1233 Fertur,
131 1188 151 1224 et
162 1185 184 1223 iu
196 1190 277 1225 cunctas
290 1185 394 1225 dimittitur
406 1185 492 1234 undique
503 1185 596 1235 parteis}

41 1236 83 1276 Nec
95 1248 159 1285 mora,
172 1249 208 1276 nec
220 1236 297 1288 requies
309 1238 361 1277 inter
373 1239 429 1278 datur
440 1237 483 1276 ulta
491 1236 580 1287 fluundi;

41 1289 140 1338 Perpetuo
153 1290 246 1338 quoniam
259 1289 358 1338 sentimus,
372 1293 392 1328 et
404 1289 471 1328 omnia
483 1301 561 1339 semper

41 1341 131 1388 Cernere,
144 1341 224 1380 odorari
235 1339 288 1390 licet,
302 1345 321 1380 et
334 1342 405 1380 sentire
418 1354 495 1381 sonore.

66 1393 177 1440 Praeterea,
190 1394 283 1443 quoniam
294 1394 385 1432 manibus
397 1397 480 1432 tractata
492 1393 558 1442 figura

40 1442 63 1482 ln
75 1443 161 1483 tenebris
172 1446 269 1495 quaedam
281 1445 405 1497 cognoscitur
416 1458 458 1484 esse
472 1444 548 1493 endem,
561 1456 612 1496 quae

41 1496 131 1534 Cernitur
142 1495 164 1534 in
176 1498 220 1536 l'ucc
232 1502 252 1537 et
265 1498 427 1545 clarovceudore3
439 1509 519 1535 necesse
531 1501 561 1537 est

40 1548 149 1586 Consimili.
157 1561 216 1588 causa
228 1554 302 1589 tactum
313 1549 418 1598 visumque
429 1549 512 1587 'moveri
530 1592 536 1597 .

39 1598 96 1638 Nunc
108 1599 176 1651 igitur,
189 1601 207 1640 si
219 1602 337 1651 quadratum
349 1605 452 1649 tentamus,
465 1604 485 1639 et
496 1600 517 1638 id
530 1612 565 1640 nos

30 1650 155 1692 ¹Commouet
166 1653 187 1692 in
199 1653 294 1701 tenebris;
307 1653 328 1692 in
340 1653 381 1692 luci
393 1665 445 1704 qnae
455 1652 527 1702 poterit
538 1665 570 1691 res

39 1704 134 1743 Accidere
146 1705 171 1743 ad
183 1706 273 1755 speciem,
286 1706 382 1755 quadrata
395 1705 433 1744 nisi
445 1706 486 1744 eius
498 1704 580 1756 imago?

38 1755 86 1795 Esse
98 1756 119 1795 in
131 1756 253 1808 imaginibus
266 1761 384 1808 quapropter
394 1770 455 1797 eausa
466 1757 545 1796 videtur

39 1807 143 1857 cernundi,
155 1823 219 1859 neque
230 1823 288 1861 posse
299 1810 341 1849 sine
353 1810 385 1850 his
398 1823 429 1849 res
439 1810 481 1848 ulla
493 1808 564 1848 videri.
579 1840 582 1844 .

64 1860 120 1899 Nunc
133 1873 162 1908 ea,
176 1874 227 1910 quae
240 1863 290 1910 dico,
302 1875 370 1901 rerum
383 1861 488 1901 simulacro
500 1862 590 1900 feruntur
611 1887 613 1889 -
658 1861 699 1902 210

38 1911 134 1962 Undique,
148 1916 171 1952 et·
179 1913 201 1952 iu
213 1914 401 1953 cunctasiaeiuntur
414 1913 475 1951 didita
486 1912 570 1961 parteis:

37 1963 117 2013 Porum,
131 1978 167 2004 nos
175 1962 242 2009 oculis
254 1966 300 2017 quin
313 1967 359 2004 solis
371 1978 450 2004 cernere
464 1964 549 2014 quimus,

36 2013 145 2066 Propterea
156 2018 186 2065 fit,
198 2017 235 2066 uti,
248 2017 333 2069 speciem
345 2017 498 2068 quereremus,
511 2029 579 2056 omnes

36 2066 78 2106 Res
90 2068 120 2107 ihi
132 2081 177 2108 eam
190 2074 257 2110 contra
269 2070 345 2109 feriant·
353 2071 418 2110 forma
431 2073 490 2119 utque
500 2070 574 2108 colore.

37 2118 69 2166 Et,
83 2127 178 2169 quantum
191 2135 280 2174 quaeque
293 2123 318 2160 ab
331 2122 387 2160 nobis
399 2135 430 2161 res
443 2121 500 2167 absit,
512 2122 581 2173 imago
639 2165 641 2167 v
673 2120 695 2137 ¹*

36 2170 108 2226 Efficit,
121 2178 144 2213 ut
155 2174 263 2223 videamus,
275 2178 295 2213 et
307 2175 438 2219 internoscere
449 2177 513 2212 curat.

37 2221 89 2262 Nam
101 2230 161 2275 'quom
174 2226 265 2275 mittitur,
278 2227 374 2276 extemplo
386 2225 478 2276 procudit
486 2225 568 2276 agitque

37 2273 142 2326 tern'qui
154 2278 205 2317 inter
219 2292 240 2318 se
253 2291 350 2329 quomque
360 2284 390 2316 est
401 2278 506 2329 oculosque
520 2278 606 2326 locatus3

35 2325 93 2375 isque
104 2328 134 2366 ita
145 2343 181 2379 per
192 2336 269 2375 nostras
282 2330 333 2369 acies
345 2329 454 2380 perlabitur
468 2330 537 2377 omnis,

36 2376 62 2415 Et
74 2378 131 2428 quasi
142 2383 238 2433 pertergit
248 2382 340 2432 pupillas,
353 2386 412 2432 atque
423 2381 540 2420 itatenus.

35 2427 144 2480 Propterea
155 2433 185 2480 fit,
197 2435 228 2472 nti
239 2435 347 2482 videamus,
362 2447 422 2484 quam
435 2434 505 2483 procul
517 2433 568 2473 absit

36 2478 77 2519 Res
90 2494 191 2534 quaeque3
204 2490 224 2527 et
236 2490 310 2537 quanto
321 2488 365 2537 plus
378 2485 430 2527 aeris
441 2489 486 2528 aute
498 2485 592 2536 agitatur,

19 2544 140 2582 trouurrue
