1690 2654
237 116 278 157 An
295 114 430 156 LIBRUM
446 115 607 166 Quirrutt.
740 113 786 158 lll

69 236 121 277 quae
131 230 201 263 tamen
211 224 308 264 Lucretio
319 225 406 264 minime
419 224 530 276 displicuit.
536 228 549 247 ‘⁴
577 225 676 263 Ceterum
688 224 724 263 hic
736 235 786 262 ver-

68 290 101 314 sus
113 277 231 315 simillimus
244 285 276 315 cst
292 278 385 315 Enniano
402 278 433 315 illi
448 281 483 327 (p,
496 279 540 316 100.
553 277 625 326 Hess.)
648 280 701 316 Olim
716 292 787 316 cerne-

68 330 117 368 bant
126 332 208 382 magnis
219 332 243 368 cle
253 331 311 369 rebus
320 333 417 382 agendis,
432 342 473 378 quo
488 328 550 365 simul
561 329 619 365 verbi
631 329 732 377 simplicis
744 345 787 367 cer-

67 396 114 421 nere
124 393 163 431 pro
175 383 281 420 decernere
292 393 340 419 usus
351 381 507 432 comprobatur.
526 379 584 429 (vid.
596 380 658 418 etiam
671 380 752 418 Servius
765 386 786 418 et

66 432 161 469 Heinsius
176 432 204 469 ad
219 433 278 483 Virg.
294 436 344 470 Aen.
358 435 459 483 xristus.
472 438 493 469 et
507 432 585 469 Nonius
594 433 631 478 tv,
643 434 685 481 69„
701 445 712 470 a
724 431 786 471 Walr.

66 483 165 530 laudati.)
192 485 239 520 Non
251 491 310 520 recte
327 484 391 533 igitur
406 482 491 523 Planck.
509 482 535 519 ad
546 483 607 519 Ennii
621 484 674 521 Med.
685 497 705 532 p.
719 485 749 523 87.
763 484 786 520 in

66 535 115 573 loco
126 539 198 572 nostro
211 534 312 572 construit
321 551 401 575 cernere
411 536 490 582 bellum,
501 547 566 585 quum
578 536 649 575 bellurn
658 535 726 585 Potius
737 548 786 573 cum

66 589 168 638 spirantes
179 585 351 638 coniungeudum
361 587 400 637 sit,
414 586 471 637 quod
480 587 524 624 iam
533 585 593 626 Wak.
602 586 666 636 vidit,
682 586 730 626 loco
742 586 786 625 Silii

66 637 133 681 XVII,
146 639 191 676 398.
202 641 305 690 spirantes
313 641 393 691 proelia
404 644 533 688 comparato.

118 690 163 728 395.
189 691 211 728 in
219 689 286 739 terra]
301 691 384 728 Retinui
394 690 503 741 vulgarem
514 690 636 741 lectionem,
651 702 715 741 quam
725 688 786 727 Wak.

66 744 102 790 (et
110 741 199 790 Eiclrst.)
213 741 299 792 eLugd.
310 743 328 781 1.
339 742 400 781 Poor.
411 743 460 781 Erit.
471 744 490 782 l.
504 742 564 782 Cant.
576 748 598 779 ct
608 744 663 780 Iunt.
674 741 697 779 in
708 745 787 782 interea

66 793 166 840 mutavit,
181 793 314 843 quasi-Lucr.
331 793 399 831 dicat:
417 792 492 842 „Quid
506 793 593 831 autem?
609 807 635 831 an
648 804 732 831 necesse
748 800 786 842 est,

65 852 89 882 ut
100 858 163 882 vanas
173 844 297 894 hypotheses
307 844 440 882 solummodo
451 845 565 892 iactemus,
579 851 600 882 et
610 845 636 882 de
646 844 787 895 probabiliter

61 897 142 948 futuris
151 902 234 934 tantum
243 896 370 947 loquamur?
390 902 483 944 Interea,
498 896 548 934 dum
563 903 645 946 tempus
660 896 787 946 disputatio-

65 948 126 987 nibus
141 948 280 996 conterimus,
297 960 331 986 res
348 949 433 986 omnino
451 948 557 998 quondam
569 947 628 989 facta
645 950 701 988 est.“
729 949 787 995 Quae

65 999 119 1037 mihi
129 999 192 1037 nimis
203 999 315 1037 artificiosa
324 1000 407 1037 videtur
417 999 536 1050 explicatio.

116 1052 162 1091 396.
188 1051 293 1105 regnarit]
309 1052 357 1091 Brit.
368 1054 387 1091 2.
404 1052 458 1092 Brix.
473 1052 522 1092 Ver.
537 1055 589 1094 Ven.
606 1054 715 1104 regnavit;
734 1051 786 1089 Gas-

65 1101 140 1142 sendus
151 1101 206 1142 coni.
218 1102 334 1155 superbit,
346 1109 434 1143 temere.

116 1155 161 1194 397.
189 1154 282 1204 amiens]
297 1154 327 1192 sic
339 1154 370 1192 Pii
387 1153 453 1193 Codd.
470 1152 568 1205 quidam,
583 1154 650 1206 Lnga.
664 1155 682 1194 1.
693 1156 711 1195 2.
725 1154 786 1193 vind,

64 1209 125 1245 Poor.
143 1204 192 1242 Brit.
205 1208 223 1244 1.
235 1207 255 1245 3.
272 1209 374 1254 etluntq
389 1206 445 1242 Bodl.
461 1212 482 1242 et
496 1206 591 1255 reliquae
603 1208 661 1243 editt.
675 1214 726 1245 vett.
741 1223 786 1246 anz-

65 1260 132 1305 biens,
151 1256 200 1296 Brit.
210 1258 236 1297 2.,
247 1258 331 1304 ambies,
352 1259 409 1294 Cant.
428 1258 510 1296 umbem·
541 1259 638 1295 Ceterum
651 1259 785 1308 participium

65 1309 147 1350 amiens
157 1320 195 1360 pro
207 1309 313 1347 ombedcns
323 1307 373 1346 alibi
383 1321 425 1347 non
436 1307 519 1346 videtur
528 1320 647 1347 occurrere.

116 1360 161 1399 400.
189 1359 244 1409 tum]
269 1359 307 1396 Hic
324 1360 386 1397 etiam
403 1359 512 1410 vulgarem
528 1360 620 1408 servavi,
644 1359 678 1396 cui
694 1360 754 1399 lls'ak.
774 1374 785 1399 e

64 1411 131 1462 Lugd.
142 1413 160 1450 1.
169 1412 189 1452 2.
205 1410 262 1448 Bodl.
277 1411 337 1449 Vind.
348 1411 401 1450 Brit.
412 1413 460 1448 Ver.
472 1411 523 1447 Ven.
540 1426 584 1448 cnm
596 1411 713 1460 substituit,
729 1414 786 1461 quod

60 1463 164 1513 explicat:
180 1461 292 1513 „percitus
305 1474 353 1501 cum
363 1463 406 1501 acri
415 1461 457 1509 ira3
465 1461 479 1484 “
493 1461 548 1512 quod
558 1461 689 1500 Eichstaedio
701 1476 786 1514 quoque

65 1527 108 1554 non
119 1514 209 1564 placuit,
225 1525 288 1565 quem
298 1513 376 1565 pariter
384 1514 491 1566 vulgatam
500 1513 608 1552 retinuisse
621 1514 689 1555 viden.

115 1567 162 1605 402.
188 1567 230 1616 sol]
245 1567 305 1606 Cant.
317 1569 362 1605 soli.
376 1585 402 1596 -
415 1567 511 1614 cadenti]
526 1566 570 1602 Atd.
579 1567 596 1603 1.
608 1568 657 1603 Bon.
672 1569 771 1606 cadentis.

62 1647 67 1650 -
117 1616 162 1657 403.
189 1618 292 1669 suscepit]
306 1617 372 1669 Lugd,
390 1619 407 1657 1,
423 1617 473 1653 Brit.
490 1618 508 1655 1.
525 1619 544 1656 2.
558 1618 578 1656 3.
597 1620 686 1670 succepit
685 1634 700 1668 J·
720 1630 785 1667 quare

65 1667 126 1708 Wak.
139 1667 202 1707 ethic
211 1669 295 1718 scripsit
304 1671 412 1721 snbscepit.
426 1668 484 1716 (Vid.
497 1667 524 1705 ad
534 1671 564 1715 W,
575 1668 648 1718 1246.)

116 1719 162 1760 405.
189 1722 260 1771 snum]
274 1722 323 1761 Ver.
335 1721 386 1759 ren.
398 1724 481 1767 summi,
494 1719 545 1759 Brit.
557 1722 576 1760 2.
594 1735 698 1761 summam.
711 1742 737 1750 -
747 1735 786 1773 per

66 1773 117 1823 iter]
132 1774 181 1810 Ver.
197 1774 249 1811 Ven.
261 1777 349 1825 pariter.
376 1772 437 1812 Wak·
453 1784 492 1823 pro
506 1776 606 1812 recreavit
617 1772 670 1812 coni.
681 1775 786 1818 remearit,

64 1830 148 1872 praeter
159 1824 311 1861 necessitatem.

115 1874 160 1914 407.
188 1891 201 1914 n
215 1891 263 1914 vera
275 1878 339 1915 nimis
354 1875 395 1924 est]
416 1874 446 1913 sic
460 1873 521 1914 Wak.
540 1874 618 1924 edidit,
632 1873 786 1925 antiquioribus

66 1924 190 1975 quibusdam
208 1926 266 1967 editt.
285 1933 306 1964 et
325 1926 423 1965 Creechio
441 1927 600 1978 praeeuntibus,
616 1932 636 1963 et
651 1925 785 1964 suadentibus

65 1976 117 2013 locis
128 1978 233 2026 parallelis
244 1982 259 2025 I,
270 1980 315 2018 879.
327 1985 348 2016 et
360 1981 392 2028 Vl,
404 1980 460 2026 7684
479 1979 534 2029 quod
544 1978 612 2017 Bentl.
621 1978 703 2028 probat.
724 1977 785 2018 Vind.

65 2027 115 2065 Brit.
123 2030 166 2069 23.
179 2031 235 2069 Cant.
250 2030 318 2077 (haud
329 2030 390 2068 dubie
402 2031 467 2068 etiam
478 2030 545 2082 Lugd.
558 2030 590 2080 1.)
605 2032 652 2067 Ver.
664 2031 716 2068 Ven.
729 2045 742 2067 a
754 2046 786 2069 re-

66 2082 96 2117 ris
105 2084 178 2119 animis
188 2093 231 2127 erm
245 2082 307 2133 vulgo
320 2094 431 2123 avernen
443 2085 518 2129 animi,
532 2089 555 2120 ut
567 2083 627 2121 Poor,
637 2081 687 2122 Brit.
701 2083 719 2122 1.
731 2082 785 2120 Brit.

65 2130 110 2170 Ald.
123 2133 139 2169 1.
152 2134 170 2173 2.
184 2135 234 2171 Bon.
244 2136 297 2171 lunt.

117 2181 162 2222 410.
188 2186 290 2235 revictae]
305 2184 354 2224 Brit.
366 2187 384 2225 1.
401 2187 461 2224 Poor.
478 2188 568 2232 revicta,
581 2184 635 2224 Etix.
648 2184 694 2223 Ald.
707 2186 725 2225 1.
736 2187 785 2225 Bon.

66 2234 180 2278 reuincmc,
200 2237 245 2275 Ver.
259 2238 309 2276 Ven.
319 2240 429 2276 reiunctne.
456 2236 496 2275 Sed
508 2237 564 2276 conf.
577 2238 593 2284 I,
605 2236 651 2276 594.

117 2282 161 2324 413,
183 2288 295 2337 hominurn]
306 2288 380 2328 tritt.
395 2292 499 2328 hominem.
513 2311 539 2317 -
552 2291 626 2328 multos
636 2310 661 2316 -
673 2289 739 2338 undis]
755 2288 784 2325 sic

66 2334 125 2371 Wak.
144 2337 208 2375 edidit
224 2352 273 2377 cum
284 2340 379 2390 pluribus
388 2341 457 2387 libris,
473 2341 548 2392 quibus
560 2353 571 2379 e
581 2341 634 2378 meis
644 2342 784 2378 assentiuntur

66 2386 114 2443 Vet-
128 2388 178 2425 Ven.
190 2390 234 2430 Ald.
242 2394 282 2430 tr.
295 2395 357 2439 Bon.;
371 2393 432 2443 vulgo
445 2396 519 2432 multoc
529 2415 555 2421 —
566 2395 635 2440 nrbes,
649 2398 673 2429 ut
683 2392 731 2429 Brit.
740 2393 757 2428 1.
765 2392 783 2429 2.

65 2437 118 2493 ΒΨ.
129 2440 181 2497 lunt.
193 2445 273 2481 Multos
284 2451 393 2493 praeterea
404 2444 501 2483 exhibent
510 2445 575 2497 Lugd.
587 2447 605 2483 1.
616 2447 636 2486 2.
647 2444 707 2482 Vind.
717 2444 785 2488 Poor„

66 2493 118 2525 Stcut
127 2490 186 2529 Vind.
199 2496 265 2533 undar
275 2507 314 2545 pro
324 2499 391 2535 undis.

548 2554 571 2591 it
579 2566 599 2590 nt
616 2552 629 2590 2
