1690 2654
232 88 310 138 uiua
325 53 539 134 eucnemon.
673 90 751 123 xxm

32 213 190 276 proximorum
200 212 332 268 temporum
345 199 474 263 scriptores
484 200 545 245 hanc
557 211 620 254 rem,
636 201 750 241 memora·-

33 283 60 324 tu
70 275 239 335 dignissimam,
257 271 304 316 alto
315 268 408 325 siientio
418 261 654 324 praetermitterent?

97 342 145 385 ianr
160 351 216 389 vero
234 332 337 393 quamvis
352 329 450 387 Eusebii
461 328 566 372 narratio
583 327 614 372 de
628 325 751 382 Cicerone,

33 403 139 450 Lucretii
163 399 327 448 emendatore,
352 391 449 452 probari
470 394 582 449 nequeat,
607 392 698 448 tamen,
723 392 751 433 ut

35 463 208 513 omnibusfere·
217 458 332 506 eiusmodi
340 456 437 512 fabulis,
453 454 520 500 sicet
531 454 587 497 huic
598 448 687 512 aliquid
698 465 750 497 cer-

33 535 59 575 te
68 528 118 573 veri
125 520 325 578 *inesse‘videturi
333 536 385 580 ⁴qua
397 517 561 564 observatione
572 531 623 562 rem
639 530 666 560 eo
676 517 750 561 dedu-

35 596 97 639 ctam
107 591 186 645 video,
202 592 229 633 ut
246 586 348 645 denique
364 585 425 629 dirce
436 582 583 627 :recentiores
602 580 751 625 coniecturae

35 652 250 701 commemorandae
268 650 328 706 sint,
356 648 385 694 ab
402 646 438 691 ΙΙΙ.
458 644 674 695 Eichstaedtio
697 647 722 688 et
737 659 752 688 a

35 733 79 764 me
94 719 159 777 ipso
175 714 320 775 propositae,
338 725 433 771 quarum
444 712 542 767 utraque
553 709 671 768 duplicem
681 707 751 752 huius

36 781 144 828 carminis
155 779 315 825 recensionem
325 775 417 832 statuit,
433 774 467 818 ita
477 776 567 831 tamen,
584 776 610 817 ut
628 773 659 817 de
669 772 751 826 indole

37 846 87 897 eius
99 847 123 888 et
135 844 227 894 ratione
239 842 298 886 haec
310 840 339 884 ab
350 839 391 883 ilia
402 852 498 896 prorsus
514 836 646 881 dissentiat.
678 835 752 882 Eich-

37 901 149 954 staedtius
163 907 223 950 enim
233 906 258 949 in
268 905 395 953 Gomment.
402 911 443 946 sua'
448 917 470 960 p.
477 898 589 945 LXXVII
595 914 626 945 ss.
638 899 685 944 hoc
696 912 751 958 pro-

36 972 94 1016 bare
103 972 188 1027 studet,
200 970 271 1026 „dues
279 967 332 1010 otim
339 964 474 1010 Lucretiani
484 963 593 1007 carminis
600 962 750 1007 recensiones

37 1034 132 1092 „fuisse,
149 1046 243 1090 quarum
254 1030 327 1078 altera
338 1027 397 1071 iilud
407 1026 544 1089 exhiberet,
559 1030 629 1085 prout
641 1026 671 1070 de
681 1040 751 1070 manu

36 1095 151 1154 „auctoris
166 1095 273 1152 exisset„
282 1089 542 1144 inchoatumetrude,
559 1089 634 1142 altera
645 1089 752 1135 limatum

36 1169 64 1218 „a
75 1157 153 1202 neseio
166 1149 215 1214 'ouo
229 1154 354 1214 multisque
371 1153 428 1200 loeis
443 1153 554 1212 politum,
570 1168 617 1199 non
626 1154 684 1198 item
697 1167 751 1198 con-

37 1220 122 1281 „stanti
136 1222 160 1264 et
174 1218 289 1279 pertinaci
301 1218 378 1263 studio
392 1213 546 1277 perpolitum
563 1221 587 1262 et
602 1218 663 1263 hanc
672 1222 752 1278 poste-

37 1285 138 1343 „ricrem
147 1284 308 1329 recensionem
325 1283 355 1327 ad
367 1285 472 1327 nostram
486 1284 587 1326 aetatem
599 1285 752 1342 propagatam

37 1340 116 1407 „esse‘,
127 1347 166 1393 ,ita
181 1350 273 1404 tamen,
288 1346 373 1407 prioris
390 1349 416 1389 ut
433 1360 479 1390 non
491 1346 568 1389 omnia
581 1346 708 1402 obliterata
717 1345 751 1389 vi·
793 1387 796 1390 ,

37 1410 284 1471 „deanturrestigiai‘
314 1409 381 1454 Hanc
391 1423 446 1473 vero
458 1406 589 1468 opinionem
601 1423 644 1467 ego
656 1410 680 1454 in
690 1409 751 1454 Diss.

36 1488 89 1519 mea
103 1473 137 1518 de
149 1473 175 1532 Τ.
187 1471 296 1530 Lucretii
307 1471 363 1531 Ocri
376 1471 505 1518 eorminea
520 1473 636 1533 scriptore
653 1472 752 1518 serioris

37 1536 124 1582 aetatis
140 1535 217 1597 denuo
233 1533 384 1597 pertractato
402 1533 483 1598 (Lips.
500 1539 570 1583 1824.
588 1534 626 1599 S)
643 1537 751 1596 pluribus

38 1601 68 1646 de
80 1599 154 1646 causis
167 1597 345 1660 impugnandam
355 1600 447 1659 censui,
464 1600 502 1659 qui
511 1600 587 1660 potius
600 1601 670 1646 variis
682 1613 751 1659 argu

14 1659 18 1668 '
37 1664 134 1720 mentis,
151 1679 210 1723 quae
220 1664 261 1709 hic
272 1668 382 1724 repetere
390 1664 484 1721 longum
493 1664 570 1723 foret,
589 1660 751 1710 demonstrare

38 1730 133 1772 conatus
145 1743 207 1785 sum,
229 1728 308 1785 „hanc
320 1728 418 1777 aiteram
430 1728 566 1773 Lucretiani
580 1729 688 1773 carminis
701 1729 752 1774 edi-

37 1790 125 1836 tionem
140 1805 187 1836 non
197 1794 245 1836 tum
262 1792 382 1838 emeliore
395 1794 419 1836 et
431 1791 576 1850 elegantiore
585 1788 666 1852 po'e'ta,
681 1794 751 1852 'quam

37 1906 192 1919 Μ...

39 1969 89 2008 Diss.
100 1971 124 2009 de
133 1971 223 2011 Lucretio
233 1971 318 2011 versioni
327 1984 374 2011 suae
384 1971 531 2023 praefixapct.
538 1976 557 2011 et
569 1973 588 2011 E
595 1972 750 2012 ichstaedti-
784 1965 788 1971 ⁵

1 2064 3 2067 p
37 2023 95 2061 usin
107 2024 177 2062 Corum.
194 2021 271 2075 saepius
286 2024 338 2063 laud.
351 2037 370 2075 p.
380 2024 502 2072 LXXXIV.;
521 2027 580 2076 atque
594 2025 750 2065 dieineokius

39 2073 113 2123 quidem
129 2076 187 2114 etiam
200 2076 220 2114 in
233 2079 306 2126 airnctt.
317 2076 343 2114 ad
352 2076 386 2123 VI,
397 2077 436 2116 395
445 2090 470 2114 ss.
480 2077 598 2124 rectissime,
611 2082 668 2127 puto,
683 2079 751 2117 obser-

38 2129 82 2163 vat:
101 2155 114 2175 ,‚
121 2129 172 2166 Eine
189 2129 252 2167 dieser
267 2129 312 2167 seirr
324 2128 413 2167 coartatae
427 2129 487 2166 saue
497 2129 550 2167 steht
559 2130 586 2166 im
599 2130 664 2167 Cicero
675 2131 699 2168 de
710 2131 751 2177 dio.

1 2222 4 2229 ζ
38 2176 65 2224 Π,
76 2179 118 2226 to,
133 2181 165 2218 dte
179 2193 199 2218 es
210 2184 256 2229 sust
267 2179 427 2219 wodrschcintich
438 2181 514 2227 morht,
528 2180 574 2219 dass
587 2181 651 2219 Cicero
661 2183 699 2220 deu
709 2182 751 2220 Lu·

3 2264 4 2267 ,
39 2229 83 2275 drez
92 2231 154 2281 datep
162 2245 197 2270 oar
205 2234 277 2284 Augen
285 2232 371 2284 gehabt,
385 2232 431 2269 oder
441 2232 482 2269 sich
490 2233 607 2283 menigsteus
617 2233 680 2272 dieser
691 2234 751 2272 stein

3 2312 5 2316 ,
38 2292 74 2318 aas
86 2283 255 2334 cicerfliiotrtigcc
265 2285 347 2322 Lectitre
358 2283 507 2322 eriaoertdotc.
535 2284 597 2323 Hritte
613 2299 635 2323 er
647 2286 706 2323 seusa
721 2290 750 2323 et—

1 2359 6 2386 3
37 2345 77 2370 was
87 2347 114 2371 an
123 2337 195 2374 diesem
203 2336 284 2375 Dichter
294 2337 374 2388 geseitt:
387 2336 471 2376 sodittte
481 2349 503 2374 er
511 2337 638 2375 oermutirlicd
647 2338 679 2375 die
692 2337 750 2375 Varse
759 2376 761 2379 ,

1 2403 6 2411 -·
38 2383 80 2422 dier
88 2388 175 2436 worttictt
187 2389 305 2439 augesr'ihrt,
323 2389 364 2426 aad
375 2388 410 2437 dep
419 2387 482 2425 dieser
492 2388 619 2440 Getegentrcit
628 2390 692 2428 scioer
703 2388 750 2427 Ver

38 2434 112 2476 dieaste
121 2452 154 2477 um
164 2439 202 2478 den
210 2441 290 2481 Dichter
299 2440 395 2480 rotatico
405 2440 517 2480 eratooatf‘

2 2519 4 2525 ν
67 2506 185 2537 succentus.
577 2493 594 2539 d
