1690 2654
61 52 111 101 298
237 59 240 63 ”
296 52 566 96 ANNOTATIONES
597 59 601 65 ‘

77 172 80 178 '
107 165 159 205 358.
185 163 261 202 sinsin
271 164 336 213 aeuo]
349 164 414 216 Lugd.
427 165 446 204 2.
460 163 551 215 aprima
560 176 625 202 manu
636 165 662 213 ei,
676 163 702 201 ab
714 163 782 203 altera

63 233 87 258 eo
93 233 100 262 ;
114 223 134 254 et
144 226 182 265 pro
192 229 243 253 aevo
253 214 337 253 Vossius
347 215 370 253 in
380 214 428 254 God.
439 216 530 267 quodam
541 216 622 253 invenit
631 218 653 253 in
664 231 715 267 quo,
730 228 782 265 qua-

62 281 87 308 re
97 269 139 317 ipse
150 265 204 305 coni.
215 269 264 312 eius,
279 270 374 319 inquam,
387 267 478 316 Preiger.
488 281 537 305 vero
551 271 594 306 eius
606 281 701 319 unquam,
715 273 783 304 traus-

62 330 141 371 ponens
152 316 214 368 simul
225 330 257 355 vv.
268 319 315 358 358.
326 324 347 356 et
358 320 415 366 359.;
425 321 480 357 Hav.
492 318 558 357 edidit
570 323 613 358 eins
621 333 678 365 aevo.
735 345 738 359 t

56 401 58 404 ·
113 384 138 421 V·
149 381 194 421 359.
209 394 259 420 uon
269 388 314 420 tam
327 382 353 421 oh
365 382 487 432 languidam
497 382 610 421 verborum
618 384 690 436 perdit
700 386 721 418 et
732 383 782 434 aeno

60 431 220 484 repetitionem,
235 447 299 485 qnam
309 435 378 485 potius
393 435 420 473 ob
431 435 508 473 miram
518 434 642 473 sententiam
653 433 707 470 mire
719 433 783 471 etiam

62 497 180 535 expressam
191 485 244 523 mihi
253 492 310 524 certe
322 486 436 525 admodum
445 492 551 536 suspectus
562 493 598 535 est,
614 486 665 523 licet
675 485 702 522 ab
714 483 782 522 omni-

61 537 101 576 bus
112 536 180 586 libris,
195 543 280 587 praeter
292 537 340 578 Cod.
352 538 399 578 Vat.
409 538 513 586 Lambini,
530 538 656 583 exhibeatur,
669 542 690 574 et
699 548 711 573 a
721 536 782 574 Wak.

60 589 126 640 longa
140 588 277 627 annotatione
293 588 429 638 defendatur3
444 590 516 638 (conf.
531 589 583 627 Diss.
596 602 643 626 mea
653 588 677 625 de
690 589 750 627 Lucr.
761 601 782 638 p.

59 640 88 680 ⁴96
100 640 132 690 s.)
147 640 184 691 qui
198 646 309 690 praeterea
324 647 437 693 proquam
453 641 507 680 coni.
523 642 581 688 dnm,
600 640 644 677 sine
660 639 703 677 ulla
720 651 783 677 causa

61 690 146 732 idonea.
173 691 241 737 Quare
251 692 307 729 hunc
318 703 402 729 versum
413 691 472 729 uncis
481 690 632 743 includendum
644 689 699 730 duni.
717 706 719 716 ι

114 755 167 795 362.4
185 754 281 807 Difficile
296 753 340 804 est]
354 752 384 791 sic
395 766 443 792 cum
455 754 552 791 omnibus
562 753 622 792 libris
629 753 702 801 Wak,
715 759 736 791 et
745 766 782 792 re-

49 842 51 845 .
63 811 97 844 ote
106 805 197 857 quidem.
218 806 232 854 ⁴(
240 804 299 843 (loni.
311 806 329 851 Ι,
340 807 384 845 138.
395 804 441 846 488.
457 805 531 843 etalii
546 805 608 855 loci.)
620 840 622 843 ,
635 805 703 856 Vulgo
718 808 782 845 Desi-

56 863 59 867 ”
76 874 109 896 ere
117 867 155 903 est,
167 856 224 905 quod
235 856 307 895 Lamh.
317 856 340 894 in
351 869 393 894 uno
404 856 455 895 Cod.
466 857 596 907 sereperisse
609 856 666 896 dicit.
682 876 707 883 -
721 859 783 896 clueat

61 908 120 947 idem
135 907 196 946 Wak.
212 907 305 945 restituit
321 907 369 946 loco
385 907 464 960 vulgati
478 911 548 958 dieat,
568 908 624 960 quod
640 915 660 945 et
671 907 740 958 ipsum
751 914 784 945 est
822 914 827 921 ¹

61 959 159 999 Lambini
175 967 330 1007 commentum,
354 959 448 998 omnium
461 960 565 998 librorum
579 959 727 998 auctoritatem
742 972 783 997 ne·

62 1010 159 1063 gligens3·
169 1017 193 1048 ut
207 1010 284 1059 mirer,
302 1024 315 1049 a
330 1010 433 1050 Knebelio
451 1013 515 1050 etiam
526 1012 549 1050 in
560 1011 656 1050 versione
670 999 783 1050 veinacula

63 1074 182 1114 expressum
194 1074 244 1102 esse.
362 1096 366 1103 ,
767 1110 769 1113 .

114 1115 139 1154 V.
151 1114 196 1154 363.
223 1112 296 1151 Lamh.
311 1112 385 1152 Faber.
402 1113 488 1152 Creech.
506 1112 595 1165 aliique,
614 1126 653 1162 pro
667 1126 727 1151 more
737 1126 783 1161 sno,

63 1165 159 1216 spurium
175 1170 312 1212 censuerunt;
330 1164 469 1202 defenderunt
482 1166 532 1206 Hau.
548 1178 596 1203 oum
611 1166 719 1214 Tmueho,
735 1165 784 1215 (qui

62 1216 128 1261 Advv.
139 1217 207 1264 XXX,
218 1218 249 1256 to.
264 1216 294 1254 sic
309 1217 410 1266 explicat:
423 1217 551 1266 „Suspicor,
564 1215 626 1266 ipsius
640 1229 709 1254 sensus
724 1215 784 1254 testi-

63 1267 136 1307 monio
147 1266 217 1305 refelli
227 1279 273 1314 θος,
287 1268 323 1317 qui
333 1267 427 1311 animum
437 1275 523 1304 censent
534 1268 652 1316 videreiper
662 1267 746 1317 oculos,
759 1273 784 1305 ut

57 1332 102 1371 ⁸per
117 1319 174 1355 fores
190 1324 227 1355 aut
243 1318 353 1356 fenestras.
379 1317 454 1357 Trahit
470 1319 525 1356 enim
543 1325 563 1356 et
576 1318 668 1356 detrudit
677 1332 748 1361 sensus
757 1318 784 1357 ad

63 1370 131 1410 aciem
143 1370 211 1420 ipsam
222 1369 386 1422 adspectumque
397 1376 418 1407 et
428 1370 454 1408 ad
465 1369 608 1408 testimonium
620 1382 680 1408 suum
691 1369 783 1419 adducit,

64 1435 106 1475 quo
125 1422 325 1472 coniunguntur;“)
346 1428 373 1482 pt
390 1422 463 1468 Wak,
488 1422 564 1459 clarius
584 1421 614 1458 sio
634 1422 783 1471 interpretans:

62 1477 167 1525 ,‚Sensus,
182 1485 245 1523 quem
257 1473 335 1511 habent
345 1471 413 1520 obuli,
426 1473 488 1510 rebus
500 1471 588 1510 externis
598 1473 697 1521 percussi,
711 1479 784 1510 evocat

63 1525 158 1563 animum
169 1525 195 1561 ad
205 1537 280 1561 eorum
291 1525 352 1571 acies,
366 1524 396 1562 ita
407 1530 432 1562 nt
442 1524 566 1563 consociatis
577 1523 640 1562 animi
651 1530 671 1562 et
680 1523 736 1563 oculi
744 1538 783 1575 po-

62 1575 172 1617 testatibus
179 1606 185 1626 ,
199 1575 284 1613 videndi
295 1575 385 1613 facultas
397 1576 529 1615 exoriatur.“
546 1600 547 1603 =

115 1628 161 1667 368.
189 1628 253 1676 „Hoc
268 1626 360 1665 Lucretii
376 1633 537 1677 argumentum,
551 1638 592 1676 quo
604 1631 694 1662 conatur
703 1627 783 1675 proha-

63 1691 99 1728 τε,
112 1679 191 1715 falsum
201 1690 256 1726 esse,
270 1678 363 1715 animum
373 1683 412 1727 pei
423 1677 506 1725 oculos,
519 1684 620 1727 tanquam
630 1689 668 1726 per
675 1676 784 1731 fenestras,

65 1742 160 1777 cernere,
169 1728 249 1766 refellit
260 1736 281 1765 et
289 1729 363 1765 irridet
373 1730 469 1774 Lav'ctant.
480 1729 505 1767 do
515 1728 565 1780 opii.
576 1728 615 1767 dei.
623 1740 641 1767 c.
647 1728 665 1767 8.
672 1728 686 1748 “
699 1731 759 1768 Lam
764 1731 782 1775 l),

116 1792 162 1832 373.
186 1793 278 1844 primis]
291 1792 398 1843 ingeniosa
409 1791 533 1830 est'lientleii
542 1791 609 1839 coni,
625 1789 652 1833 ad
662 1792 733 1829 Horat.
744 1797 782 1830 art.

64 1845 121 1898 po'e't.
134 1845 166 1885 60,
179 1843 298 1894 proposita,
312 1844 334 1881 in
351 1857 413 1894 quam
425 1845 515 1894 Preiger.
529 1854 613 1893 quoque
623 1854 659 1878 sua
669 1849 742 1892 sponte
752 1843 783 1888 in·

65 1897 139 1934 cidisse
155 1894 248 1943 videtur,
262 1901 348 1946 recepta
358 1908 371 1933 a
381 1894 441 1935 Wak.
455 1901 477 1933 et
486 1894 575 1943 Eiohst.;
589 1892 650 1944 vulgo
657 1897 730 1947 primis
738 1895 782 1932 sine

64 1948 119 1986 iusto
132 1958 199 1983 sensu.
693 1959 702 1966 ’-

116 1999 161 2038 376.
190 2003 254 2048 Quom
269 1999 341 2051 quihus
353 2010 374 2037 et
388 1998 472 2050 corpus]
487 1997 517 2034 sic
533 2007 605 2034 omnes
613 1994 662 2032 libri
672 1995 732 2033 nobis
744 2009 782 2035 co·

61 2049 129 2100 -gniti,
144 2048 217 2101 quibus
232 2048 277 2087 iure
293 2048 353 2088 Wak.
364 2048 528 2098 obtemperavit3
542 2047 605 2097 vulgo
618 2051 680 2101 Quom
690 2050 782 2100 quibooe

58 2116 149 2152 eorpus,
162 2100 317 2150 praepositione
328 2100 455 2151 postposita,
470 2112 533 2152 quam
543 2099 667 2149 scripturam
677 2100 748 2139 Lamb.
759 2100 783 2138 in

64 2151 170 2190 nonnullis
180 2151 245 2192 Codd.
257 2152 302 2190 vult
310 2152 420 2191 invenisse.
614 2160 619 2173 ¹

51 2224 53 2226 '
118 2216 163 2255 379.
186 2219 270 2267 prima]
292 2215 478 2265 „Rescribendum
501 2212 568 2252 voluit
584 2212 619 2251 hio
637 2214 700 2253 etiam
715 2213 782 2253 Bentl.

62 2268 137 2322 prino:
151 2266 235 2305 omnino
252 2268 361 2318 mendose,
376 2280 445 2319 neque
459 2265 566 2315 scriptoris
581 2278 643 2316 scopo
658 2267 783 2304 convenien-

64 2325 105 2356 ter.
132 2319 186 2355 Nam
194 2322 260 2367 prima
271 2335 355 2371 corpora
365 2321 423 2359 nobis
433 2322 510 2359 iniecta
520 2317 576 2355 valet
585 2324 665 2355 atomos
674 2319 703 2355 ita
713 2331 734 2355 se
747 2318 782 2355 in-

64 2369 160 2408 iicientes
171 2369 231 2406 nobis
242 2376 263 2407 et
273 2371 423 2421 impingentes,
437 2377 461 2407 ut
473 2375 543 2407 motus
554 2369 664 2407 sensiferos
677 2369 782 2418 efficiant;

56 2421 148 2461 ,animae
159 2421 180 2461 vi
188 2420 270 2466 scilicet
281 2422 307 2462 ad
316 2423 410 2462 officium
420 2434 482 2462 suum
492 2421 640 2462 resuscitanda.
647 2423 661 2443 “
675 2424 707 2463 W
709 2423 748 2471 uls.
