1690 2654
41 70 43 73 ⁴
72 85 78 118 5
122 55 156 104 aa
308 61 351 103 ou
373 60 498 116 annun
512 55 654 106 unauna

175 169 282 222 Sanguinis
291 170 342 211 inter
351 184 373 211 se
381 172 450 212 multis
459 173 571 220 coeuntibu'
584 174 657 224 guttis;

173 223 204 263 Ex
216 224 298 274 aurique
307 226 363 274 putat
373 224 430 264 micis
443 225 548 265 consistere
555 238 612 275 posse

123 272 162 313 elo
174 275 262 323 Aurum,
277 277 331 314 etde
342 277 399 315 terris
410 282 484 317 terram
492 290 619 317 concrescere
629 275 708 327 parru‘s3

173 327 256 376 Ignibus
268 339 292 366 ex
300 327 376 378 igneis,
388 330 495 371 humorem
504 330 620 368 humoribus
629 342 677 368 esse.

174 378 245 423 Cetera
255 379 353 420 consimili
362 380 420 432 fingit
427 381 503 421 ratione
513 384 614 432 putatque.

173 430 215 470 Nec
226 434 295 471 tamen
303 444 345 471 esse
358 433 401 472 ulla
410 433 529 484 parteidem
536 434 558 473 iu
566 435 624 473 rebus
632 432 690 473 inane

175 482 278 535 Concedit,
292 497 354 534 neque
364 487 477 534 corporibus
488 487 548 525 finem
558 499 598 524 esse
608 485 715 536 secutuleia.

123 532 163 574 845
174 534 243 582 Quare
252 536 274 575 in
283 540 367 586 utraque
375 538 427 575 mihi
435 537 509 587 pariter
518 535 595 577 ratione
605 538 682 575 videtur

175 587 261 635 Etrare3
275 590 334 637 atque
345 587 389 627 ollis
398 588 461 637 iuxta,
476 602 524 638 quos
535 588 619 628 diximus
630 591 681 628 ante.

201 639 267 688 nane,
280 640 332 688 quod
346 640 447 679 imbecilla
458 640 517 679 nimis
526 640 634 692 primordia
644 639 714 690 lingit3

176 689 199 729 Si
209 691 318 740 primordia
329 695 382 738 sunt,
396 693 457 730 simili
469 705 520 741 quae
529 693 618 741 praedita
626 695 715 729 constant

175 742 251 781 Natura
262 745 321 791 atquc
329 744 383 791 ipsae
392 756 424 781 res
437 747 493 791 sunt3
508 755 607 793 aequeque
616 744 713 793 laborant,

126 790 166 834 aab
179 794 206 833 Et
216 797 309 844 pereunt,
321 806 384 845 neque
393 795 418 833 ab
428 794 487 833 exitio
497 807 528 833 res
538 795 581 834 ulla
590 795 696 835 refraenat.

175 846 228 885 Nam
240 846 287 895 quid
296 846 317 884 iu
325 859 418 896 oppressu
426 846 492 885 valido
502 847 581 885 durabit
590 851 665 893 eorum,

146 938 149 941 ,
175 898 204 936 Ut
213 901 297 936 mortem
310 897 405 948 effugiat,
418 898 452 936 leti
460 899 495 935 sub
506 898 595 936 dentibus
603 898 664 947 ipsis?
699 903 701 905 ’
792 937 794 939 ,

175 948 243 1000 Ignis?
251 949 366 989 aubumor?
373 961 398 987 au
405 948 519 999 aura?quid
525 949 609 988 horum?
617 947 740 1000 sanguisau?
746 959 795 989 anne
801 947 836 990 os?

175 1001 221 1049 Nil,
234 1005 256 1040 ut
265 1001 347 1051 opinor3
358 1000 395 1039 ubi
407 1014 430 1039 cn
443 1013 543 1050 aequiores
553 1001 640 1044 funditus
650 1001 713 1039 omnis
726 1001 728 1003 ’

124 1050 164 1093 855
176 1053 231 1091 Tam
243 1053 332 1091 mortalis
344 1052 391 1099 erit,
405 1065 464 1102 quam
474 1066 523 1101 quae
532 1053 734 1093 manifestandorum

176 1105 208 1144 Ex
224 1104 285 1144 oculis
293 1105 375 1154 uostris,
385 1105 453 1156 aliqua
461 1104 482 1144 si
492 1104 555 1154 victa,
567 1106 645 1156 perires
705 1128 707 1131 ·

175 1156 202 1197 At
210 1169 273 1207 neque
281 1157 368 1197 recidere
379 1159 405 1197 ad
414 1158 499 1198 nihilum
507 1171 539 1198 res
548 1171 615 1210 posse,
627 1169 690 1207 neque
699 1158 765 1208 autem

177 1209 270 1247 Crescere
279 1211 303 1247 de
311 1211 386 1255 nihilo,
400 1214 460 1248 testor
469 1223 500 1248 res
508 1215 552 1248 ante
563 1211 660 1260 probatas.

202 1261 321 1308 Praeterea,
332 1262 424 1310 quonium
432 1263 487 1300 cibus
497 1265 558 1312 auget
569 1275 638 1311 corpus
648 1260 734 1311 alitque,

124 1309 164 1352 860
177 1311 234 1351 Scire
245 1313 302 1359 licet,
315 1314 372 1351 uobis
381 1326 440 1352 venas
450 1317 470 1351 et
480 1326 567 1364 sanguen
578 1316 597 1352 et
607 1324 651 1353 ossa

175 1365 281 1413 Etnervos
292 1364 406 1415 alienigenis
416 1365 538 1414 expertibus
549 1377 602 1402 esse:
628 1372 630 1374 '
673 1374 675 1376 “
696 1370 702 1373 “

177 1415 224 1455 Sive
234 1416 288 1455 cibos
300 1417 374 1454 omneis
385 1417 490 1455 commixto
501 1429 582 1467 corpore
594 1415 658 1454 dicent

175 1468 237 1515 Esse‚·
250 1472 269 1507 et
281 1468 356 1506 habere
364 1467 384 1505 in
398 1482 418 1506 se
426 1481 531 1507 nervorum
540 1481 622 1517 corporo
633 1479 701 1517 parra,

169 1518 274 1569 Ossaque,
287 1523 307 1556 et
318 1519 397 1557 omuino
404 1518 464 1559 venas
476 1521 588 1569 pnrteisque
598 1519 685 1564 cruoris3

124 1567 168 1620 865Ι
176 1571 235 1621 Fiet,
246 1571 276 1610 uti
288 1570 342 1610 cibus
355 1569 417 1610 omnis
429 1572 537 1620 erasinus,
551 1575 571 1609 et
581 1571 647 1621 liquor
657 1570 706 1622 ipse,

176 1624 208 1661 Ex
220 1622 334 1672 alienigenis
344 1624 402 1660 rebus
410 1626 498 1661 constare
506 1627 604 1672 putentur,

177 1673 259 1711 Ossibus
268 1679 287 1711 et
297 1674 362 1711 nervis
371 1674 464 1723 venisque
474 1678 494 1712 et
505 1674 600 1724 sanguiue
609 1674 677 1712 mixta.

142 1729 150 1742 ²'
176 1725 292 1772 Praeterea,
306 1738 453 1776 quaequomque
463 1738 474 1764 e
484 1729 536 1766 terra
544 1738 627 1776 corpora
636 1726 731 1776 arescunt,
746 1743 748 1747 ·

178 1777 201 1825 Si
213 1782 258 1816 sunt
269 1778 291 1816 in
302 1778 367 1826 terris,
382 1782 456 1817 terrum
466 1782 553 1823 constare
563 1780 679 1818 necesseest

125 1827 164 1869 870
176 1829 347 1879 Eralienigcnis,
361 1842 411 1879 quae
420 1830 477 1868 terris
489 1831 590 1868 exoriuntu
634 1831 636 1833 ’

176 1883 271 1921 Transfer
282 1882 341 1929 item,
353 1882 436 1921 totidem
444 1882 508 1920 verbis
520 1883 594 1921 utarel
631 1881 663 1920 rit:

175 1934 199 1974 Iu
209 1934 270 1985 liguis
279 1933 296 1972 si
305 1935 387 1973 flamma
396 1936 444 1981 latet
453 1935 558 1984 fumusque
569 1934 662 1983 cinisque,

176 1986 206 2027 Ex
217 1986 331 2036 alienigenis
341 1985 447 2026 consistant
458 1986 514 2037 ligna
524 1998 601 2024 necesse
609 1988 647 2024 est.
687 1987 693 1997 ⁸

202 2038 306 2087 Linquitur
315 2038 348 2074 hie
359 2039 455 2087 quaedam
463 2037 555 2075 latitandi
564 2038 620 2086 copia
631 2035 699 2082 tenvis,

125 2087 165 2129 875
176 2090 198 2128 la
209 2089 261 2139 quod
268 2089 396 2139 Anaxagoras
406 2089 444 2127 sibi
455 2089 525 2135 sumit;
538 2091 561 2126 ut
571 2088 661 2126 omnibus
672 2087 746 2127 omneis

177 2142 218 2181 Res
229 2144 284 2191 putet
293 2140 391 2181 immixtas
400 2142 460 2179 rebus
470 2140 560 2188 latitare,
573 2140 606 2178 sed
617 2139 667 2178 illud

177 2193 276 2243 Apparere
284 2205 355 2242 unum,
368 2193 437 2242 quoius
448 2192 487 2231 siut
496 2192 582 2242 plurima
591 2191 659 2239 mixte,

176 2245 204 2284 Et
214 2246 278 2296 magis
287 2245 308 2283 iu
320 2250 398 2295 promtu
406 2245 509 2295 primaque
518 2244 539 2282 in
547 2245 612 2282 fronte
619 2245 693 2283 locator
717 2265 719 2268 v

177 2297 237 2344 Quod
245 2302 311 2335 tamen
319 2310 332 2335 a
342 2310 390 2335 vera
398 2298 457 2348 longe
468 2297 544 2334 ratione
551 2297 652 2344 repulsum
663 2299 696 2333 est.

125 2345 165 2389 880
178 2348 310 2387 Conveniebat
320 2349 382 2395 enim,
396 2349 464 2400 fruges
474 2361 551 2398 quoque
560 2360 624 2398 saepe,
635 2346 710 2387 minaci

176 2401 258 2440 Robore
267 2412 327 2450 quom
335 2400 378 2439 sani
387 2401 516 2453 franguntur,
529 2398 607 2438 mittere
615 2400 694 2452 siguum

176 2453 295 2507 Sanguinis,
309 2456 343 2494 aut
353 2452 437 2503 aliquid,
450 2456 517 2494 nostro
529 2463 581 2504 quae
590 2464 672 2504 corpore
684 2452 772 2492 aluntur:
