1690 2654
86 78 136 127 542
307 80 586 127 ANNOTATIONES

88 194 140 242 saa-i,
155 190 272 230 eLambini
284 192 442 242 emendatione3
462 193 531 244 quiet
543 193 631 232 alteram
643 195 707 234 suasit
716 196 807 248 scriptu-

87 257 134 282 ram
145 247 251 298 Magnesii
258 247 348 298 flumina
363 250 421 294 saxi,
435 258 448 285 a
461 246 547 285 Gifanio
560 253 676 298 receptam.

140 310 196 350 1066.
223 310 363 362 singlariter]
382 311 412 349 sic
421 303 557 349 scribendum
569 310 617 349 duxi
635 324 683 349 cum
700 312 745 352 nid.
758 315 776 353 l.
787 314 807 355 7.

3 356 10 372 ⁶
86 363 149 408 Bon,
163 361 219 413 vulg.
230 351 288 401 editt.
300 368 321 400 et
333 362 409 402 Eichst.
426 363 507 401 Ceteri
518 361 575 413 libri,
589 375 641 413 quos
651 366 700 404 Hau.
716 372 737 402 et
747 365 808 404 Wak.

87 420 210 472 sequuntur,
225 416 365 465 singulariter.
391 417 446 452 Iunt.
457 416 539 467 singula
549 427 618 467 rupto,
632 415 728 465 pessime.
750 417 808 453 Eius·

86 465 146 503 modi
156 471 228 502 autem
238 478 340 516 syncopes
354 466 449 515 exempla
459 468 481 504 in
487 466 586 505 Lucretio
598 466 655 505 haud
664 481 719 506 rara.
739 468 807 516 (Gonf.

87 516 115 555 ad
124 519 145 563 1,
157 518 202 556 976.
216 519 245 566 ΙΙ,
258 515 316 558 1024.
329 520 369 566 III,
383 519 428 559 876.
440 524 473 569 et,
492 517 529 570 qui
539 517 633 570 proxime
644 519 685 558 huc
695 520 807 571 pertinent,

86 570 121 618 IV,
131 569 176 609 263.
189 569 234 609 905.
247 573 281 617 VI,
292 571 348 610 1087.
749 576 754 579 ’
800 595 809 601 κ

139 623 198 661 1067.
224 622 295 672 vides]
314 620 372 659 Vind.
388 621 451 661 Poor.
461 621 513 658 Brit.
523 623 542 661 3.
559 621 617 663 Gant.
628 622 681 661 Brix.
695 623 742 661 Ver.
755 623 807 664 Ven.

86 674 145 719 uide,
165 672 221 723 quod
237 672 298 710 Wak.
311 685 355 709 non
368 671 448 709 malum
464 679 541 713 censet.
560 694 582 702 -
604 676 729 721 oooleeoere]
747 674 807 716 Vind.

86 723 164 776 fragm.
176 722 234 764 Vind.
249 725 310 761 Poor.
319 722 370 763 Brit.
383 724 401 762 1.
412 724 431 763 3.
448 722 500 762 Brix.
512 722 558 762 Ald.
570 726 587 765 1.
600 727 620 766 2.
631 728 683 773 Bon.
694 727 746 767 lunt.
761 741 807 765 ooa-

86 778 174 827 lescere,
193 776 283 824 „forsan
299 776 379 826 recte,“
398 782 422 813 ut
436 775 498 814 Wak.
514 775 600 815 iudicat.
627 780 673 816 Ver.
683 780 732 816 Ven-
750 780 808 817 cale-

87 844 149 868 scere.
175 830 285 865 Praeterea
298 828 352 867 Iunt.
363 840 402 877 pro
413 829 537 867 sola-calce
548 828 631 866 exhibet
645 831 781 869 solo-colors.

139 893 197 932 1068.
224 893 319 943 taurino]
335 890 396 932 Vind.
407 892 465 929 Cant.
475 891 624 942 Brinnourino,
637 893 686 934 Brit.
697 894 716 933 3.
728 897 806 940 enrico,

87 945 135 985 Ver.
147 945 198 984 Ven.
213 947 294 992 aurius,
314 945 375 982 Poor.
392 946 476 994 acrisio,
496 946 550 983 Iunt.
569 960 648 984 arenae.
662 967 688 973 -
700 945 810 998 iungitur]

87 996 137 1036 Brit.
146 996 165 1034 3.
176 998 281 1048 mergitur,
296 996 342 1035 Ver.
352 996 402 1032 Ven.
413 1007 524 1049 mergatur,
538 997 591 1034 Bon.
602 1000 714 1049 inungitur.
741 999 807 1034 Recte

86 1053 157 1085 autem
167 1046 227 1085 Wak.
239 1047 321 1084 sustulit
329 1046 456 1097 particulam
469 1051 511 1096 ita,
525 1047 556 1084 his
567 1048 635 1085 verbis
645 1050 666 1086 in
677 1047 733 1098 vulg.
748 1048 806 1087 editt.

87 1106 162 1137 contra
172 1099 236 1136 libros
253 1098 360 1136 universos
371 1099 482 1145 iusertam3
505 1098 542 1148 qui
556 1100 619 1137 simul
634 1099 659 1137 de
673 1099 715 1137 hoc
726 1099 806 1150 glutine

86 1150 171 1188 taurino
183 1149 264 1187 consuli
274 1149 333 1187 iubet
339 1149 394 1187 Ptin.
404 1151 430 1190 H.
438 1150 466 1188 N.
476 1151 574 1198 XXVIII,
584 1151 617 1191 71.
631 1150 700 1203 Eurip.
712 1151 806 1189 Cretens.

87 1202 163 1254 fragm.
176 1203 196 1240 0.
208 1207 229 1239 et
237 1200 309 1250 Polyb.
319 1204 350 1246 III,
361 1204 394 1240 21.

139 1255 197 1292 1070.
225 1253 309 1302 laxare]
330 1252 385 1290 Brix.
401 1253 450 1291 Ver.
467 1253 520 1290 Ven.
536 1255 624 1305 lapsare.
643 1273 668 1281 -
687 1253 804 1306 compages]

87 1304 146 1344 lind.
160 1307 207 1343 Ver.
218 1305 268 1348 Ven.
279 1319 387 1356 compage,
400 1302 454 1345 Brix.
466 1319 509 1343 oum
521 1318 588 1357 poge3
607 1303 699 1354 syllabae
710 1322 746 1359 ges
757 1318 806 1345 tan-

86 1373 123 1397 νεα
139 1357 213 1404 desunt
230 1357 278 1394 Brit.
291 1359 309 1395 1.
323 1377 350 1383 —-
371 1367 443 1394 taurea
459 1358 542 1405 vincla]
556 1357 631 1396 trita
650 1373 714 1396 aureo
730 1359 805 1407 vinclo,

86 1411 136 1447 Brit.
147 1411 166 1447 1.
183 1419 256 1446 taurea
270 1419 343 1459 gesto.
361 1407 419 1444 Bodl.
435 1407 487 1444 Brir.
498 1409 544 1445 Iler.
555 1410 604 1445 Ven.
619 1411 709 1447 stamina
724 1412 806 1458 aranda,

86 1460 143 1498 mira
157 1460 272 1504 varietate3
293 1459 315 1496 in
332 1458 393 1497 Vind.
409 1459 450 1497 hae
466 1462 634 1508 voces-prorsus
655 1459 806 1503 desiderantur.

88 1512 142 1550 Ordo
155 1518 185 1549 est
194 1509 309 1550 secundum
320 1509 392 1550 Wak:
418 1512 506 1561 „Quam
520 1517 593 1550 taurea
607 1510 675 1550 vincla
686 1518 764 1564 queant
772 1513 806 1550 la-

87 1578 136 1603 xare
148 1575 260 1615 compages
271 1564 343 1603 suas.“
730 1596 733 1599 .

141 1619 199 1656 1071.
225 1620 271 1665 „In
282 1615 341 1652 abest
349 1612 409 1652 Vind.
419 1613 496 1665 fragm.
508 1614 569 1656 Vind.
580 1617 639 1653 Poor.
651 1615 700 1657 Brit.
711 1617 729 1655 1.
745 1616 806 1654 (lant.

90 1668 169 1719 [Briau]
181 1672 228 1708 Ver.
241 1666 330 1717 [Ven.];
344 1666 398 1703 unde
408 1665 460 1703 mihi
470 1665 529 1704 valde
540 1667 649 1717 probabile
661 1667 751 1716 videtur,
765 1669 805 1705 Lu-

89 1721 178 1759 cretium
190 1732 233 1757 non
249 1718 309 1756 aliter
324 1716 441 1768 scripsisse,
462 1723 482 1755 et
493 1723 558 1771 aquei
574 1718 750 1770 quadrisyllabum
764 1732 805 1769 po-

88 1773 159 1812 suisse.
173 1794 200 1801 -
214 1770 289 1824 aquai]
304 1769 364 1809 Vind.
374 1769 422 1806 trit.
433 1770 451 1807 1.
462 1771 519 1807 Cant.
532 1771 607 1821 [Van]
618 1786 678 1822 aqua.
705 1775 772 1810 Voces
783 1775 806 1811 in

88 1830 155 1877 oquai'
160 1825 259 1876 fontibus
271 1824 347 1861 audent
360 1820 505 1859 desiderantur
516 1821 539 1859 in
551 1823 599 1863 Brit.
610 1824 645 1862 3.“
667 1825 740 1862 Wae.

140 1890 198 1928 1072.
225 1887 282 1935 leue]
296 1885 356 1924 vind.
367 1886 416 1924 Brit.
428 1887 447 1925 3.
458 1887 514 1923 Cant.
525 1888 573 1924 Ver.
584 1887 636 1925 Ven.
647 1888 698 1928 lone.

140 1955 198 1992 1073.
225 1951 290 2001 colos]
307 1949 368 1989 Vind.
382 1950 458 2001 fragm.
469 1950 530 1990 Vind.
545 1952 606 1989 Poor.
626 1951 673 1989 brit.
686 1954 703 1991 1.
714 1952 732 1992 3.
747 1952 804 1989 Cant.

88 2007 145 2045 Iunt.
157 2007 219 2055 color,
233 2005 281 2043 Ver.
293 2004 344 2043 Ven.
355 2004 426 2051 coicis,
440 2001 499 2041 Bodl.
512 2004 573 2042 colus.
601 2005 687 2053 (Forma
697 2006 750 2043 coloe
761 2004 804 2041 iam

89 2057 158 2096 adfuit
169 2059 208 2105 Vi,
219 2057 279 2102 208.)
294 2076 321 2083 -
334 2054 440 2107 iungitur]
456 2055 486 2092 sic
496 2055 555 2092 Wak.
568 2067 616 2092 cum
631 2056 727 2092 omnibus
738 2056 805 2101 libris,

88 2117 173 2161 praeter
183 2109 232 2145 Ver.
239 2108 302 2152 ven„
316 2110 478 2157 quae'megitum
492 2113 513 2143 et
525 2106 570 2145 Ald.
583 2108 601 2145 1.
612 2109 673 2155 Bon,
690 2120 744 2157 quae
756 2120 805 2144 cum

88 2160 194 2200 nonnullis
210 2158 306 2198 Lambini
324 2157 388 2197 Godd.
403 2158 437 2206 (7)
457 2160 555 2209 mergitur
569 2158 682 2209 praebent,
702 2164 727 2195 ut
742 2159 804 2210 vulgo

90 2213 164 2252 editur.
192 2211 251 2259 (Vid.
267 2222 331 2260 supra
346 2209 372 2247 ad
388 2223 407 2250 v.
425 2210 494 2256 1068.)
516 2229 542 2238 -·
559 2212 612 2259 uno]
631 2209 661 2247 sic
679 2209 739 2251 Wak.
757 2223 804 2248 cum

89 2264 151 2305 Vind.
161 2263 236 2316 fragm.
246 2263 306 2303 Vind.
318 2263 378 2301 Poor.
391 2262 439 2300 Brit.
450 2265 468 2302 1.
478 2263 496 2301 3.
508 2263 565 2299 Cant.
577 2264 629 2301 Erir.
639 2263 686 2301 Ver.
697 2263 748 2300 Ven.
759 2263 804 2300 Ald.

89 2321 108 2357 1.
120 2320 182 2363 Iton.‚·
202 2316 265 2366 vulgo
279 2330 331 2364 uno,
350 2321 374 2352 ut
389 2320 445 2352 certe
458 2317 511 2353 Iunt.
525 2320 547 2352 et
555 2314 599 2351 ald.
611 2316 630 2352 0.
657 2316 683 2351 Et
694 2317 806 2366 „iungitur

68 2372 71 2378 '
89 2385 128 2409 uno
142 2384 185 2408 cum
195 2383 284 2420 corpore,
298 2366 366 2418 inquit
377 2365 449 2414 Wak.‚
463 2365 542 2404 dictum
554 2372 584 2402 est
595 2365 702 2415 eleganter
712 2379 761 2415 pro:
776 2371 804 2404 Ita

89 2421 217 2473 penitissime
234 2421 282 2455 cuin
296 2418 344 2458 lana
359 2418 501 2469 consociatur,
520 2424 544 2456 ut
559 2418 600 2456 duo
614 2430 680 2456 unum
695 2417 804 2456 videantur

90 2486 165 2525 corpus
174 2470 284 2512 efficere.“
