<?xml version="1.0" encoding="UTF-8"?>
<!DOCTYPE html PUBLIC "-//W3C//DTD XHTML 1.0 Transitional//EN"
    "http://www.w3.org/TR/xhtml1/DTD/xhtml1-transitional.dtd">
<html xmlns="http://www.w3.org/1999/xhtml" xml:lang="en" lang="en">
 <head>
  <title>
</title>
<meta http-equiv="Content-Type" content="text/html;charset=utf-8" />
  <meta name='ocr-system' content='tesseract 3.04.00' />
  <meta name='ocr-capabilities' content='ocr_page ocr_carea ocr_par ocr_line ocrx_word'/>
</head>
<body>
  <div class='ocr_page' id='page_1' title='image "./MN40048ucmf_3_0353.png"; bbox 0 0 1690 2654; ppageno 0'>
   <div class='ocr_carea' id='block_1_1' title="bbox 201 77 757 124">
    <p class='ocr_par' dir='ltr' id='par_1_1' title="bbox 201 77 757 124">
     <span class='ocr_line' id='line_1_1' title="bbox 201 77 757 124; baseline 0.004 -2"><span class='ocrx_word' id='word_1_1' title='bbox 201 81 241 122; x_wconf 79' lang='lat' dir='ltr'><strong>AD</strong></span> <span class='ocrx_word' id='word_1_2' title='bbox 257 79 388 123; x_wconf 80' lang='lat' dir='ltr'><strong>LIBRUM</strong></span> <span class='ocrx_word' id='word_1_3' title='bbox 405 79 594 122; x_wconf 74' lang='lat' dir='ltr'><strong>SECUNDUM.</strong></span> <span class='ocrx_word' id='word_1_4' title='bbox 708 77 757 124; x_wconf 75' lang='grc'><strong>267</strong></span> 
     </span>
    </p>
   </div>
   <div class='ocr_carea' id='block_1_2' title="bbox 36 180 756 348">
    <p class='ocr_par' dir='ltr' id='par_1_2' title="bbox 36 180 756 348">
     <span class='ocr_line' id='line_1_2' title="bbox 36 180 754 240; baseline 0 -12"><span class='ocrx_word' id='word_1_5' title='bbox 36 188 100 229; x_wconf 85' lang='lat' dir='ltr'><strong>lectio</strong></span> <span class='ocrx_word' id='word_1_6' title='bbox 115 190 245 233; x_wconf 77' lang='lat' dir='ltr'><strong>Wakefieldi.</strong></span> <span class='ocrx_word' id='word_1_7' title='bbox 271 192 385 232; x_wconf 84' lang='lat' dir='ltr'>Discedunt</span> <span class='ocrx_word' id='word_1_8' title='bbox 393 198 477 231; x_wconf 72' lang='lat' dir='ltr'><strong>,tantum</strong></span> <span class='ocrx_word' id='word_1_9' title='bbox 486 190 548 229; x_wconf 88' lang='lat' dir='ltr'><strong>Vind.</strong></span> <span class='ocrx_word' id='word_1_10' title='bbox 558 192 692 240; x_wconf 76' lang='lat' dir='ltr'><strong>distractum,</strong></span> <span class='ocrx_word' id='word_1_11' title='bbox 704 180 754 229; x_wconf 77' lang='lat' dir='ltr'><strong>Brit.</strong></span> 
     </span>
     <span class='ocr_line' id='line_1_3' title="bbox 36 242 756 293; baseline 0.001 -11"><span class='ocrx_word' id='word_1_12' title='bbox 36 244 56 283; x_wconf 70' lang='lat'><strong>2.</strong></span> <span class='ocrx_word' id='word_1_13' title='bbox 68 246 189 293; x_wconf 80' lang='lat' dir='ltr'><strong>distractim,</strong></span> <span class='ocrx_word' id='word_1_14' title='bbox 203 245 248 286; x_wconf 84' lang='lat' dir='ltr'><strong>Ald.</strong></span> <span class='ocrx_word' id='word_1_15' title='bbox 260 247 278 285; x_wconf 86' lang='lat'><strong>1.</strong></span> <span class='ocrx_word' id='word_1_16' title='bbox 288 249 337 284; x_wconf 85' lang='lat' dir='ltr'><strong>Bon.</strong></span> <span class='ocrx_word' id='word_1_17' title='bbox 348 248 478 290; x_wconf 63' lang='lat' dir='ltr'><strong>distrahitur}</strong></span> <span class='ocrx_word' id='word_1_18' title='bbox 491 246 545 283; x_wconf 83' lang='lat' dir='ltr'><strong>lunt.</strong></span> <span class='ocrx_word' id='word_1_19' title='bbox 554 242 600 285; x_wconf 83' lang='lat' dir='ltr'><strong>Ald.</strong></span> <span class='ocrx_word' id='word_1_20' title='bbox 609 245 629 284; x_wconf 75' lang='grc'><strong>2.</strong></span> <span class='ocrx_word' id='word_1_21' title='bbox 642 246 756 283; x_wconf 80' lang='lat' dir='ltr'><strong>distractus</strong></span> 
     </span>
     <span class='ocr_line' id='line_1_4' title="bbox 36 294 385 348; baseline 0.003 -15"><span class='ocrx_word' id='word_1_22' title='bbox 36 294 76 344; x_wconf 85' lang='lat' dir='ltr'><strong>(ut</strong></span> <span class='ocrx_word' id='word_1_23' title='bbox 85 295 148 348; x_wconf 79' lang='lat' dir='ltr'><strong>vulgo</strong></span> <span class='ocrx_word' id='word_1_24' title='bbox 161 297 241 347; x_wconf 81' lang='lat' dir='ltr'>editur)</span> <span class='ocrx_word' id='word_1_25' title='bbox 255 298 385 348; x_wconf 79' lang='lat' dir='ltr'><strong>praebentes.</strong></span> 
     </span>
    </p>
   </div>
   <div class='ocr_carea' id='block_1_3' title="bbox 89 357 753 413">
    <p class='ocr_par' dir='ltr' id='par_1_3' title="bbox 89 357 753 413">
     <span class='ocr_line' id='line_1_5' title="bbox 89 357 753 413; baseline 0.003 -14"><span class='ocrx_word' id='word_1_26' title='bbox 89 360 134 399; x_wconf 84' lang='lat'><strong>833.</strong></span> <span class='ocrx_word' id='word_1_27' title='bbox 161 362 281 408; x_wconf 75' lang='lat' dir='ltr'><em>discedant]</em></span> <span class='ocrx_word' id='word_1_28' title='bbox 296 360 325 399; x_wconf 87' lang='lat' dir='ltr'><strong>sic</strong></span> <span class='ocrx_word' id='word_1_29' title='bbox 335 360 409 400; x_wconf 80' lang='lat' dir='ltr'><strong>Brit-1.</strong></span> <span class='ocrx_word' id='word_1_30' title='bbox 421 363 475 397; x_wconf 87' lang='lat' dir='ltr'><strong>lunt.</strong></span> <span class='ocrx_word' id='word_1_31' title='bbox 485 362 506 396; x_wconf 90' lang='lat' dir='ltr'><strong>et</strong></span> <span class='ocrx_word' id='word_1_32' title='bbox 516 357 562 399; x_wconf 88' lang='lat' dir='ltr'><strong>Ald.</strong></span> <span class='ocrx_word' id='word_1_33' title='bbox 573 359 603 407; x_wconf 68' lang='lat'><strong>23</strong></span> <span class='ocrx_word' id='word_1_34' title='bbox 617 359 753 413; x_wconf 86' lang='lat' dir='ltr'><strong>sedLugd.1.</strong></span> 
     </span>
    </p>
   </div>
   <div class='ocr_carea' id='block_1_4' title="bbox 36 411 756 604">
    <p class='ocr_par' dir='ltr' id='par_1_4' title="bbox 36 411 756 604">
     <span class='ocr_line' id='line_1_6' title="bbox 38 411 755 462; baseline 0.004 -13"><span class='ocrx_word' id='word_1_35' title='bbox 38 411 155 457; x_wconf 80' lang='lat' dir='ltr'><strong>discedunt,</strong></span> <span class='ocrx_word' id='word_1_36' title='bbox 168 411 234 462; x_wconf 85' lang='lat' dir='ltr'><strong>Lugd.</strong></span> <span class='ocrx_word' id='word_1_37' title='bbox 242 414 260 451; x_wconf 75' lang='lat'><strong>2.</strong></span> <span class='ocrx_word' id='word_1_38' title='bbox 272 418 293 448; x_wconf 89' lang='lat' dir='ltr'><strong>et</strong></span> <span class='ocrx_word' id='word_1_39' title='bbox 303 411 378 462; x_wconf 81' lang='lat' dir='ltr'><strong>fragm.</strong></span> <span class='ocrx_word' id='word_1_40' title='bbox 390 411 450 449; x_wconf 86' lang='lat' dir='ltr'><strong>Vind.</strong></span> <span class='ocrx_word' id='word_1_41' title='bbox 461 412 593 459; x_wconf 82' lang='lat' dir='ltr'><strong>disceduant,</strong></span> <span class='ocrx_word' id='word_1_42' title='bbox 608 412 664 450; x_wconf 82' lang='lat' dir='ltr'><strong>Cant.</strong></span> <span class='ocrx_word' id='word_1_43' title='bbox 677 415 755 452; x_wconf 79' lang='lat' dir='ltr'><strong>discen·</strong></span> 
     </span>
     <span class='ocr_line' id='line_1_7' title="bbox 36 462 754 511; baseline 0.001 -10"><span class='ocrx_word' id='word_1_44' title='bbox 36 464 101 511; x_wconf 78' lang='lat' dir='ltr'><strong>dunt,</strong></span> <span class='ocrx_word' id='word_1_45' title='bbox 115 462 176 500; x_wconf 82' lang='lat' dir='ltr'><strong>Vind.</strong></span> <span class='ocrx_word' id='word_1_46' title='bbox 194 464 256 501; x_wconf 87' lang='lat' dir='ltr'><strong>Poor.</strong></span> <span class='ocrx_word' id='word_1_47' title='bbox 272 462 321 503; x_wconf 88' lang='lat' dir='ltr'><strong>Brit.</strong></span> <span class='ocrx_word' id='word_1_48' title='bbox 331 465 350 504; x_wconf 78' lang='grc'><strong>2,</strong></span> <span class='ocrx_word' id='word_1_49' title='bbox 360 465 379 503; x_wconf 87' lang='grc'><strong>3.</strong></span> <span class='ocrx_word' id='word_1_50' title='bbox 393 462 447 500; x_wconf 80' lang='lat' dir='ltr'><strong>Brin.</strong></span> <span class='ocrx_word' id='word_1_51' title='bbox 463 464 593 506; x_wconf 80' lang='lat' dir='ltr'><strong>distendunt,</strong></span> <span class='ocrx_word' id='word_1_52' title='bbox 606 463 663 502; x_wconf 86' lang='lat' dir='ltr'><strong>Bodl.</strong></span> <span class='ocrx_word' id='word_1_53' title='bbox 673 470 694 502; x_wconf 88' lang='lat' dir='ltr'><strong>et</strong></span> <span class='ocrx_word' id='word_1_54' title='bbox 706 465 754 502; x_wconf 82' lang='lat' dir='ltr'><strong>Ver.</strong></span> 
     </span>
     <span class='ocr_line' id='line_1_8' title="bbox 36 512 756 604; baseline 0.001 -52"><span class='ocrx_word' id='word_1_55' title='bbox 36 514 171 604; x_wconf 47' lang='lat' dir='ltr'><strong>{legecpplcllpp&#39;n</strong></span> <span class='ocrx_word' id='word_1_56' title='bbox 186 515 236 552; x_wconf 79' lang='lat' dir='ltr'><strong>Ven</strong></span> <span class='ocrx_word' id='word_1_57' title='bbox 247 513 293 554; x_wconf 80' lang='lat' dir='ltr'><strong>Ald.</strong></span> <span class='ocrx_word' id='word_1_58' title='bbox 305 516 385 573; x_wconf 76' lang='lat' dir='ltr'><strong>1.Bon.</strong></span> <span class='ocrx_word' id='word_1_59' title='bbox 394 516 525 555; x_wconf 76' lang='lat' dir='ltr'><strong>descendant.</strong></span> <span class='ocrx_word' id='word_1_60' title='bbox 538 512 599 553; x_wconf 79' lang='lat' dir='ltr'><strong>Wak.</strong></span> <span class='ocrx_word' id='word_1_61' title='bbox 611 526 685 554; x_wconf 86' lang='lat' dir='ltr'><strong>verum</strong></span> <span class='ocrx_word' id='word_1_62' title='bbox 696 522 756 567; x_wconf 78' lang='lat' dir='ltr'><strong>putat</strong></span> 
     </span>
    </p>
   </div>
   <div class='ocr_carea' id='block_1_5' title="bbox 36 621 774 1098">
    <p class='ocr_par' dir='ltr' id='par_1_5' title="bbox 36 621 774 1098">
     <span class='ocr_line' id='line_1_9' title="bbox 59 621 757 684; baseline -0.001 -15"><span class='ocrx_word' id='word_1_63' title='bbox 59 621 64 656; x_wconf 68' lang='grc' dir='ltr'><strong><em>Ῐ</em></strong></span> <span class='ocrx_word' id='word_1_64' title='bbox 89 627 135 677; x_wconf 79' lang='grc'>841.</span> <span class='ocrx_word' id='word_1_65' title='bbox 152 629 252 684; x_wconf 80' lang='lat' dir='ltr'><strong>notisque]</strong></span> <span class='ocrx_word' id='word_1_66' title='bbox 266 630 342 683; x_wconf 68' lang='lat' dir='ltr'><strong>Eichst.</strong></span> <span class='ocrx_word' id='word_1_67' title='bbox 351 627 466 683; x_wconf 78' lang='lat' dir='ltr'><strong>praeeunte</strong></span> <span class='ocrx_word' id='word_1_68' title='bbox 473 629 582 683; x_wconf 78' lang='lat' dir='ltr'><strong>vulgatam</strong></span> <span class='ocrx_word' id='word_1_69' title='bbox 590 629 680 680; x_wconf 86' lang='lat' dir='ltr'><strong>restitui,</strong></span> <span class='ocrx_word' id='word_1_70' title='bbox 693 642 757 682; x_wconf 71' lang='lat' dir='ltr'><strong>quam</strong></span> 
     </span>
     <span class='ocr_line' id='line_1_10' title="bbox 36 680 756 736; baseline 0.001 -15"><span class='ocrx_word' id='word_1_71' title='bbox 36 680 100 729; x_wconf 64' lang='lat' dir='ltr'><strong>Wak,</strong></span> <span class='ocrx_word' id='word_1_72' title='bbox 110 693 121 719; x_wconf 91' lang='lat' dir='ltr'><strong>e</strong></span> <span class='ocrx_word' id='word_1_73' title='bbox 132 681 184 720; x_wconf 88' lang='lat' dir='ltr'><strong>coni.</strong></span> <span class='ocrx_word' id='word_1_74' title='bbox 198 681 288 730; x_wconf 81' lang='lat' dir='ltr'><strong>mutavit</strong></span> <span class='ocrx_word' id='word_1_75' title='bbox 296 683 318 721; x_wconf 86' lang='lat' dir='ltr'><strong>in</strong></span> <span class='ocrx_word' id='word_1_76' title='bbox 327 690 429 723; x_wconf 79' lang='lat' dir='ltr'><strong>notarum.</strong></span> <span class='ocrx_word' id='word_1_77' title='bbox 455 682 513 721; x_wconf 82' lang='lat' dir='ltr'><strong>Libri</strong></span> <span class='ocrx_word' id='word_1_78' title='bbox 523 682 569 721; x_wconf 86' lang='lat' dir='ltr'><strong>fere</strong></span> <span class='ocrx_word' id='word_1_79' title='bbox 579 694 651 720; x_wconf 84' lang='lat' dir='ltr'><strong>omnes</strong></span> <span class='ocrx_word' id='word_1_80' title='bbox 661 695 756 736; x_wconf 77' lang='lat' dir='ltr'><strong>notoque,</strong></span> 
     </span>
     <span class='ocr_line' id='line_1_11' title="bbox 36 732 774 788; baseline 0.003 -18"><span class='ocrx_word' id='word_1_81' title='bbox 36 732 76 784; x_wconf 86' lang='lat' dir='ltr'><strong>nisi</strong></span> <span class='ocrx_word' id='word_1_82' title='bbox 87 732 143 784; x_wconf 84' lang='lat' dir='ltr'><strong>quod</strong></span> <span class='ocrx_word' id='word_1_83' title='bbox 152 736 212 773; x_wconf 85' lang='lat' dir='ltr'><strong>Poor.</strong></span> <span class='ocrx_word' id='word_1_84' title='bbox 223 734 301 773; x_wconf 84' lang='lat' dir='ltr'><strong>habeat</strong></span> <span class='ocrx_word' id='word_1_85' title='bbox 309 747 411 788; x_wconf 83' lang='lat' dir='ltr'><strong>nataqne;</strong></span> <span class='ocrx_word' id='word_1_86' title='bbox 424 735 461 773; x_wconf 87' lang='lat' dir='ltr'><strong>sed</strong></span> <span class='ocrx_word' id='word_1_87' title='bbox 469 741 578 784; x_wconf 82' lang='lat' dir='ltr'>receptam</span> <span class='ocrx_word' id='word_1_88' title='bbox 587 734 702 773; x_wconf 87' lang='lat' dir='ltr'><strong>lectionem</strong></span> <span class='ocrx_word' id='word_1_89' title='bbox 714 735 756 773; x_wconf 82' lang='lat' dir='ltr'><strong>Gii.</strong></span> <span class='ocrx_word' id='word_1_90' title='bbox 773 735 774 738; x_wconf 73' lang='grc'>’</span> 
     </span>
     <span class='ocr_line' id='line_1_12' title="bbox 36 784 756 837; baseline 0.003 -15"><span class='ocrx_word' id='word_1_91' title='bbox 36 784 117 835; x_wconf 85' lang='lat' dir='ltr'><strong>invenit</strong></span> <span class='ocrx_word' id='word_1_92' title='bbox 132 786 154 823; x_wconf 89' lang='lat' dir='ltr'><strong>in</strong></span> <span class='ocrx_word' id='word_1_93' title='bbox 170 785 236 824; x_wconf 79' lang='lat' dir='ltr'><strong>veteri</strong></span> <span class='ocrx_word' id='word_1_94' title='bbox 251 786 313 836; x_wconf 74' lang='lat' dir='ltr'><strong>Cod,</strong></span> <span class='ocrx_word' id='word_1_95' title='bbox 326 799 365 825; x_wconf 85' lang='lat' dir='ltr'><strong>nec</strong></span> <span class='ocrx_word' id='word_1_96' title='bbox 382 787 454 835; x_wconf 79' lang='lat' dir='ltr'><strong>aliter,</strong></span> <span class='ocrx_word' id='word_1_97' title='bbox 467 786 484 824; x_wconf 93' lang='lat' dir='ltr'><strong>si</strong></span> <span class='ocrx_word' id='word_1_98' title='bbox 493 786 576 824; x_wconf 79' lang='lat' dir='ltr'><strong>Alteros</strong></span> <span class='ocrx_word' id='word_1_99' title='bbox 587 786 653 825; x_wconf 88' lang='lat' dir='ltr'><strong>fidum</strong></span> <span class='ocrx_word' id='word_1_100' title='bbox 663 800 685 825; x_wconf 87' lang='lat' dir='ltr'><strong>se</strong></span> <span class='ocrx_word' id='word_1_101' title='bbox 695 799 756 837; x_wconf 81' lang='lat' dir='ltr'><strong>prae-</strong></span> 
     </span>
     <span class='ocr_line' id='line_1_13' title="bbox 36 836 756 889; baseline 0.003 -15"><span class='ocrx_word' id='word_1_102' title='bbox 36 836 94 883; x_wconf 84' lang='lat' dir='ltr'><strong>buit,</strong></span> <span class='ocrx_word' id='word_1_103' title='bbox 107 842 195 889; x_wconf 81' lang='lat' dir='ltr'><strong>uterque</strong></span> <span class='ocrx_word' id='word_1_104' title='bbox 206 838 266 876; x_wconf 89' lang='lat' dir='ltr'><strong>Vind.</strong></span> <span class='ocrx_word' id='word_1_105' title='bbox 286 842 360 877; x_wconf 81' lang='lat' dir='ltr'>Sensus</span> <span class='ocrx_word' id='word_1_106' title='bbox 369 836 439 876; x_wconf 81' lang='lat' dir='ltr'><strong>autem</strong></span> <span class='ocrx_word' id='word_1_107' title='bbox 444 842 526 889; x_wconf 73' lang='lat' dir='ltr'><strong>,quem</strong></span> <span class='ocrx_word' id='word_1_108' title='bbox 537 837 598 876; x_wconf 81' lang='lat' dir='ltr'><strong>Wak.</strong></span> <span class='ocrx_word' id='word_1_109' title='bbox 608 851 630 876; x_wconf 91' lang='lat' dir='ltr'><strong>se</strong></span> <span class='ocrx_word' id='word_1_110' title='bbox 638 851 680 876; x_wconf 86' lang='lat' dir='ltr'><strong>non</strong></span> <span class='ocrx_word' id='word_1_111' title='bbox 694 851 756 889; x_wconf 83' lang='lat' dir='ltr'><strong>cape-</strong></span> 
     </span>
     <span class='ocr_line' id='line_1_14' title="bbox 36 888 757 941; baseline 0.003 -15"><span class='ocrx_word' id='word_1_112' title='bbox 36 901 61 927; x_wconf 97' lang='lat' dir='ltr'><strong>re</strong></span> <span class='ocrx_word' id='word_1_113' title='bbox 76 888 166 938; x_wconf 79' lang='lat' dir='ltr'><strong>fatetur,</strong></span> <span class='ocrx_word' id='word_1_114' title='bbox 179 890 232 927; x_wconf 87' lang='lat' dir='ltr'><strong>mihi</strong></span> <span class='ocrx_word' id='word_1_115' title='bbox 247 889 329 928; x_wconf 87' lang='lat' dir='ltr'><strong>videtur</strong></span> <span class='ocrx_word' id='word_1_116' title='bbox 345 889 498 941; x_wconf 81' lang='lat' dir='ltr'><strong>apertissimus:</strong></span> <span class='ocrx_word' id='word_1_117' title='bbox 513 901 566 941; x_wconf 83' lang='lat' dir='ltr'><strong>quae</strong></span> <span class='ocrx_word' id='word_1_118' title='bbox 580 889 625 927; x_wconf 78' lang='lat' dir='ltr'><strong>eliis</strong></span> <span class='ocrx_word' id='word_1_119' title='bbox 636 890 698 927; x_wconf 83' lang='lat' dir='ltr'><strong>rebus</strong></span> <span class='ocrx_word' id='word_1_120' title='bbox 707 903 757 941; x_wconf 84' lang='lat' dir='ltr'><strong>pro-</strong></span> 
     </span>
     <span class='ocr_line' id='line_1_15' title="bbox 36 939 757 994; baseline 0.003 -17"><span class='ocrx_word' id='word_1_121' title='bbox 36 939 87 991; x_wconf 81' lang='lat' dir='ltr'><strong>priis</strong></span> <span class='ocrx_word' id='word_1_122' title='bbox 97 940 131 978; x_wconf 89' lang='lat' dir='ltr'><strong>vel</strong></span> <span class='ocrx_word' id='word_1_123' title='bbox 141 941 256 989; x_wconf 81' lang='lat' dir='ltr'><strong>attributis,</strong></span> <span class='ocrx_word' id='word_1_124' title='bbox 271 941 357 994; x_wconf 79' lang='lat' dir='ltr'><strong>aliisque</strong></span> <span class='ocrx_word' id='word_1_125' title='bbox 368 939 434 990; x_wconf 81' lang='lat' dir='ltr'><strong>notis,</strong></span> <span class='ocrx_word' id='word_1_126' title='bbox 448 940 522 992; x_wconf 84' lang='lat' dir='ltr'><strong>signis,</strong></span> <span class='ocrx_word' id='word_1_127' title='bbox 536 947 619 987; x_wconf 80' lang='lat' dir='ltr'>carent,</span> <span class='ocrx_word' id='word_1_128' title='bbox 634 942 709 991; x_wconf 86' lang='lat' dir='ltr'><strong>quibus</strong></span> <span class='ocrx_word' id='word_1_129' title='bbox 721 954 757 979; x_wconf 92' lang='lat' dir='ltr'><strong>co-</strong></span> 
     </span>
     <span class='ocr_line' id='line_1_16' title="bbox 37 991 756 1044; baseline 0.007 -15"><span class='ocrx_word' id='word_1_130' title='bbox 37 991 111 1043; x_wconf 82' lang='lat' dir='ltr'><strong>gnosci</strong></span> <span class='ocrx_word' id='word_1_131' title='bbox 126 992 210 1043; x_wconf 82' lang='lat' dir='ltr'><strong>possint.</strong></span> <span class='ocrx_word' id='word_1_132' title='bbox 238 995 306 1039; x_wconf 81' lang='lat' dir='ltr'>Quare</span> <span class='ocrx_word' id='word_1_133' title='bbox 319 1006 360 1032; x_wconf 88' lang='lat' dir='ltr'><strong>nec</strong></span> <span class='ocrx_word' id='word_1_134' title='bbox 379 992 445 1031; x_wconf 81' lang='lat' dir='ltr'><strong>altera</strong></span> <span class='ocrx_word' id='word_1_135' title='bbox 460 1004 511 1044; x_wconf 86' lang='lat' dir='ltr'><strong>opus</strong></span> <span class='ocrx_word' id='word_1_136' title='bbox 524 999 555 1031; x_wconf 91' lang='lat' dir='ltr'><strong>est</strong></span> <span class='ocrx_word' id='word_1_137' title='bbox 564 991 690 1032; x_wconf 74' lang='lat' dir='ltr'><strong>Wakefieldi</strong></span> <span class='ocrx_word' id='word_1_138' title='bbox 701 994 756 1034; x_wconf 86' lang='lat' dir='ltr'><strong>coni.</strong></span> 
     </span>
     <span class='ocr_line' id='line_1_17' title="bbox 38 1045 414 1098; baseline 0.003 -14"><span class='ocrx_word' id='word_1_139' title='bbox 38 1045 87 1084; x_wconf 82' lang='lat' dir='ltr'><strong>aliis</strong></span> <span class='ocrx_word' id='word_1_140' title='bbox 97 1059 157 1083; x_wconf 80' lang='lat' dir='ltr'><strong>sensu</strong></span> <span class='ocrx_word' id='word_1_141' title='bbox 164 1047 250 1098; x_wconf 82' lang='lat' dir='ltr'><strong>privata</strong></span> <span class='ocrx_word' id='word_1_142' title='bbox 259 1057 356 1098; x_wconf 79' lang='lat' dir='ltr'><strong>notaque.</strong></span> <span class='ocrx_word' id='word_1_143' title='bbox 412 1051 414 1053; x_wconf 81' lang='grc'><strong>’</strong></span> 
     </span>
    </p>
   </div>
   <div class='ocr_carea' id='block_1_6' title="bbox 36 1106 756 1737">
    <p class='ocr_par' dir='ltr' id='par_1_6' title="bbox 36 1106 756 1461">
     <span class='ocr_line' id='line_1_18' title="bbox 91 1106 756 1159; baseline 0.003 -11"><span class='ocrx_word' id='word_1_144' title='bbox 91 1106 135 1148; x_wconf 73' lang='grc'>845.</span> <span class='ocrx_word' id='word_1_145' title='bbox 162 1110 231 1147; x_wconf 82' lang='lat' dir='ltr'><strong>sonitu</strong></span> <span class='ocrx_word' id='word_1_146' title='bbox 243 1109 325 1159; x_wconf 81' lang='lat' dir='ltr'><strong>sterila]</strong></span> <span class='ocrx_word' id='word_1_147' title='bbox 342 1108 401 1147; x_wconf 86' lang='lat' dir='ltr'><strong>editt.</strong></span> <span class='ocrx_word' id='word_1_148' title='bbox 414 1107 460 1148; x_wconf 83' lang='lat' dir='ltr'><strong>Ald.</strong></span> <span class='ocrx_word' id='word_1_149' title='bbox 471 1109 489 1147; x_wconf 87' lang='lat'><strong>1.</strong></span> <span class='ocrx_word' id='word_1_150' title='bbox 500 1110 520 1149; x_wconf 73' lang='lat'><strong>2.</strong></span> <span class='ocrx_word' id='word_1_151' title='bbox 535 1111 585 1148; x_wconf 92' lang='lat' dir='ltr'><strong>Bon.</strong></span> <span class='ocrx_word' id='word_1_152' title='bbox 595 1110 652 1149; x_wconf 88' lang='lat' dir='ltr'><strong>Iunt.</strong></span> <span class='ocrx_word' id='word_1_153' title='bbox 668 1112 756 1157; x_wconf 81' lang='lat' dir='ltr'><strong>sterilia,</strong></span> 
     </span>
     <span class='ocr_line' id='line_1_19' title="bbox 37 1158 756 1212; baseline 0.006 -14"><span class='ocrx_word' id='word_1_154' title='bbox 37 1160 95 1212; x_wconf 80' lang='lat' dir='ltr'><strong>quod</strong></span> <span class='ocrx_word' id='word_1_155' title='bbox 107 1171 151 1197; x_wconf 91' lang='lat' dir='ltr'><strong>non</strong></span> <span class='ocrx_word' id='word_1_156' title='bbox 165 1158 297 1209; x_wconf 83' lang='lat' dir='ltr'><strong>mirandum,</strong></span> <span class='ocrx_word' id='word_1_157' title='bbox 313 1160 409 1211; x_wconf 81' lang='lat' dir='ltr'><strong>inprimis</strong></span> <span class='ocrx_word' id='word_1_158' title='bbox 426 1172 492 1211; x_wconf 84' lang='lat' dir='ltr'><strong>quum</strong></span> <span class='ocrx_word' id='word_1_159' title='bbox 506 1161 557 1199; x_wconf 89' lang='lat' dir='ltr'><strong>Ven.</strong></span> <span class='ocrx_word' id='word_1_160' title='bbox 572 1161 663 1199; x_wconf 84' lang='lat' dir='ltr'><strong>lectione</strong></span> <span class='ocrx_word' id='word_1_161' title='bbox 676 1164 756 1202; x_wconf 76' lang='lat' dir='ltr'><strong>sterilia</strong></span> 
     </span>
     <span class='ocr_line' id='line_1_20' title="bbox 36 1210 755 1263; baseline 0.004 -13"><span class='ocrx_word' id='word_1_162' title='bbox 36 1210 169 1263; x_wconf 81' lang='lat' dir='ltr'><strong>praeivisset;</strong></span> <span class='ocrx_word' id='word_1_163' title='bbox 183 1211 231 1249; x_wconf 87' lang='lat' dir='ltr'><strong>Brit.</strong></span> <span class='ocrx_word' id='word_1_164' title='bbox 244 1212 265 1251; x_wconf 68' lang='lat'><strong>2.</strong></span> <span class='ocrx_word' id='word_1_165' title='bbox 279 1213 351 1251; x_wconf 82' lang='lat' dir='ltr'><strong>sterili.</strong></span> <span class='ocrx_word' id='word_1_166' title='bbox 378 1214 409 1250; x_wconf 87' lang='lat' dir='ltr'><strong>De</strong></span> <span class='ocrx_word' id='word_1_167' title='bbox 420 1212 490 1250; x_wconf 80' lang='lat' dir='ltr'><strong>forma</strong></span> <span class='ocrx_word' id='word_1_168' title='bbox 500 1213 570 1251; x_wconf 87' lang='lat' dir='ltr'><strong>minus</strong></span> <span class='ocrx_word' id='word_1_169' title='bbox 581 1211 656 1251; x_wconf 82' lang='lat' dir='ltr'><strong>usitata</strong></span> <span class='ocrx_word' id='word_1_170' title='bbox 665 1217 755 1262; x_wconf 70' lang='lat' dir='ltr'><strong>steriles,</strong></span> 
     </span>
     <span class='ocr_line' id='line_1_21' title="bbox 37 1262 754 1316; baseline 0.001 -14"><span class='ocrx_word' id='word_1_171' title='bbox 37 1263 125 1315; x_wconf 82' lang='lat' dir='ltr'><strong>aliisque</strong></span> <span class='ocrx_word' id='word_1_172' title='bbox 140 1262 252 1310; x_wconf 85' lang='lat' dir='ltr'><strong>similibus,</strong></span> <span class='ocrx_word' id='word_1_173' title='bbox 270 1269 294 1301; x_wconf 85' lang='lat' dir='ltr'><strong>ut</strong></span> <span class='ocrx_word' id='word_1_174' title='bbox 308 1266 398 1310; x_wconf 76' lang='lat' dir='ltr'><strong>hilarus,</strong></span> <span class='ocrx_word' id='word_1_175' title='bbox 411 1266 512 1316; x_wconf 73' lang='lat' dir='ltr'><strong>gracilas,</strong></span> <span class='ocrx_word' id='word_1_176' title='bbox 525 1267 622 1304; x_wconf 76' lang='lat' dir='ltr'><strong>sublimus</strong></span> <span class='ocrx_word' id='word_1_177' title='bbox 637 1272 678 1303; x_wconf 89' lang='lat' dir='ltr'><strong>etc.</strong></span> <span class='ocrx_word' id='word_1_178' title='bbox 699 1266 754 1304; x_wconf 86' lang='lat' dir='ltr'><strong>conf.</strong></span> 
     </span>
     <span class='ocr_line' id='line_1_22' title="bbox 37 1313 756 1368; baseline 0 -13"><span class='ocrx_word' id='word_1_179' title='bbox 37 1328 91 1368; x_wconf 78' lang='lat' dir='ltr'><strong>quae</strong></span> <span class='ocrx_word' id='word_1_180' title='bbox 101 1314 128 1353; x_wconf 83' lang='lat' dir='ltr'><strong>ad</strong></span> <span class='ocrx_word' id='word_1_181' title='bbox 135 1318 151 1364; x_wconf 82' lang='lat'><strong>1,</strong></span> <span class='ocrx_word' id='word_1_182' title='bbox 164 1313 210 1354; x_wconf 80' lang='lat'><strong>341.</strong></span> <span class='ocrx_word' id='word_1_183' title='bbox 224 1314 322 1363; x_wconf 68' lang='lat' dir='ltr'><strong>diximus,</strong></span> <span class='ocrx_word' id='word_1_184' title='bbox 338 1316 363 1353; x_wconf 84' lang='lat' dir='ltr'><strong>de</strong></span> <span class='ocrx_word' id='word_1_185' title='bbox 373 1316 528 1353; x_wconf 88' lang='lat' dir='ltr'><strong>constructione</strong></span> <span class='ocrx_word' id='word_1_186' title='bbox 537 1329 586 1354; x_wconf 87' lang='lat' dir='ltr'><strong>vero</strong></span> <span class='ocrx_word' id='word_1_187' title='bbox 597 1315 658 1355; x_wconf 89' lang='lat' dir='ltr'><strong>huius</strong></span> <span class='ocrx_word' id='word_1_188' title='bbox 669 1316 756 1355; x_wconf 84' lang='lat' dir='ltr'><strong>adiecti-</strong></span> 
     </span>
     <span class='ocr_line' id='line_1_23' title="bbox 36 1366 755 1419; baseline 0.001 -12"><span class='ocrx_word' id='word_1_189' title='bbox 36 1368 58 1407; x_wconf 85' lang='lat' dir='ltr'><strong>vi</strong></span> <span class='ocrx_word' id='word_1_190' title='bbox 74 1382 123 1408; x_wconf 88' lang='lat' dir='ltr'><strong>cum</strong></span> <span class='ocrx_word' id='word_1_191' title='bbox 139 1374 196 1406; x_wconf 82' lang='lat' dir='ltr'><strong>sexto</strong></span> <span class='ocrx_word' id='word_1_192' title='bbox 211 1367 365 1418; x_wconf 68' lang='lat' dir='ltr'><strong>(sesecundo)</strong></span> <span class='ocrx_word' id='word_1_193' title='bbox 381 1379 431 1405; x_wconf 79' lang='lat' dir='ltr'><strong>casu</strong></span> <span class='ocrx_word' id='word_1_194' title='bbox 446 1366 501 1406; x_wconf 81' lang='lat' dir='ltr'><strong>conf.</strong></span> <span class='ocrx_word' id='word_1_195' title='bbox 517 1368 614 1408; x_wconf 77' lang='lat' dir='ltr'><strong>lluddim.</strong></span> <span class='ocrx_word' id='word_1_196' title='bbox 628 1371 653 1408; x_wconf 87' lang='lat' dir='ltr'><strong>Il.</strong></span> <span class='ocrx_word' id='word_1_197' title='bbox 671 1382 692 1419; x_wconf 86' lang='lat' dir='ltr'><strong>p.</strong></span> <span class='ocrx_word' id='word_1_198' title='bbox 710 1371 755 1410; x_wconf 89' lang='lat'><strong>111.</strong></span> 
     </span>
     <span class='ocr_line' id='line_1_24' title="bbox 37 1423 130 1461; baseline 0 -2"><span class='ocrx_word' id='word_1_199' title='bbox 37 1427 80 1460; x_wconf 88' lang='lat' dir='ltr'><strong>not.</strong></span> <span class='ocrx_word' id='word_1_200' title='bbox 96 1423 130 1461; x_wconf 74' lang='lat'><strong>22.</strong></span> 
     </span>
    </p>

    <p class='ocr_par' dir='ltr' id='par_1_7' title="bbox 36 1470 756 1737">
     <span class='ocr_line' id='line_1_25' title="bbox 90 1470 756 1529; baseline -0.006 -16"><span class='ocrx_word' id='word_1_201' title='bbox 90 1470 136 1513; x_wconf 72' lang='lat'><strong>846.</strong></span> <span class='ocrx_word' id='word_1_202' title='bbox 162 1477 266 1529; x_wconf 80' lang='lat' dir='ltr'><strong>proprium</strong></span> <span class='ocrx_word' id='word_1_203' title='bbox 276 1486 325 1513; x_wconf 87' lang='lat' dir='ltr'><strong>cum</strong></span> <span class='ocrx_word' id='word_1_204' title='bbox 335 1476 386 1513; x_wconf 79' lang='lat' dir='ltr'><strong>Hav.</strong></span> <span class='ocrx_word' id='word_1_205' title='bbox 398 1481 420 1513; x_wconf 87' lang='lat' dir='ltr'><strong>et</strong></span> <span class='ocrx_word' id='word_1_206' title='bbox 428 1472 487 1514; x_wconf 73' lang='lat' dir='ltr'><strong>Wak.</strong></span> <span class='ocrx_word' id='word_1_207' title='bbox 498 1472 554 1512; x_wconf 84' lang='lat' dir='ltr'><strong>edidi</strong></span> <span class='ocrx_word' id='word_1_208' title='bbox 563 1471 679 1511; x_wconf 88' lang='lat' dir='ltr'><strong>secundum</strong></span> <span class='ocrx_word' id='word_1_209' title='bbox 689 1472 756 1523; x_wconf 84' lang='lat' dir='ltr'><strong>pluri-</strong></span> 
     </span>
     <span class='ocr_line' id='line_1_26' title="bbox 37 1524 754 1577; baseline 0 -14"><span class='ocrx_word' id='word_1_210' title='bbox 37 1537 83 1563; x_wconf 88' lang='lat' dir='ltr'><strong>mos</strong></span> <span class='ocrx_word' id='word_1_211' title='bbox 95 1525 157 1564; x_wconf 87' lang='lat' dir='ltr'><strong>Godd.</strong></span> <span class='ocrx_word' id='word_1_212' title='bbox 169 1533 190 1564; x_wconf 91' lang='lat' dir='ltr'><strong>et</strong></span> <span class='ocrx_word' id='word_1_213' title='bbox 201 1534 251 1564; x_wconf 85' lang='lat' dir='ltr'><strong>vett.</strong></span> <span class='ocrx_word' id='word_1_214' title='bbox 263 1527 334 1573; x_wconf 84' lang='lat' dir='ltr'><strong>editt.;</strong></span> <span class='ocrx_word' id='word_1_215' title='bbox 349 1526 405 1577; x_wconf 88' lang='lat' dir='ltr'><strong>quod</strong></span> <span class='ocrx_word' id='word_1_216' title='bbox 420 1533 491 1564; x_wconf 82' lang='lat' dir='ltr'><strong>autem</strong></span> <span class='ocrx_word' id='word_1_217' title='bbox 504 1526 525 1562; x_wconf 91' lang='lat' dir='ltr'><strong>in</strong></span> <span class='ocrx_word' id='word_1_218' title='bbox 536 1524 597 1564; x_wconf 87' lang='lat' dir='ltr'><strong>Vind.</strong></span> <span class='ocrx_word' id='word_1_219' title='bbox 606 1525 682 1576; x_wconf 81' lang='lat' dir='ltr'>fragm.</span> <span class='ocrx_word' id='word_1_220' title='bbox 694 1524 754 1563; x_wconf 87' lang='lat' dir='ltr'><strong>Vind.</strong></span> 
     </span>
     <span class='ocr_line' id='line_1_27' title="bbox 36 1576 755 1631; baseline -0.003 -16"><span class='ocrx_word' id='word_1_221' title='bbox 36 1578 99 1616; x_wconf 84' lang='lat' dir='ltr'><strong>Poor.</strong></span> <span class='ocrx_word' id='word_1_222' title='bbox 114 1577 164 1617; x_wconf 80' lang='lat' dir='ltr'><strong>Brit.</strong></span> <span class='ocrx_word' id='word_1_223' title='bbox 178 1581 198 1618; x_wconf 77' lang='grc'><strong>2.</strong></span> <span class='ocrx_word' id='word_1_224' title='bbox 214 1580 271 1618; x_wconf 81' lang='lat' dir='ltr'><strong>Gont.</strong></span> <span class='ocrx_word' id='word_1_225' title='bbox 287 1578 426 1621; x_wconf 73' lang='lat' dir='ltr'><strong>Iuntctnld.</strong></span> <span class='ocrx_word' id='word_1_226' title='bbox 439 1580 457 1618; x_wconf 72' lang='grc'><strong>2.</strong></span> <span class='ocrx_word' id='word_1_227' title='bbox 476 1583 573 1628; x_wconf 79' lang='lat' dir='ltr'><strong>apparet,</strong></span> <span class='ocrx_word' id='word_1_228' title='bbox 590 1579 685 1631; x_wconf 81' lang='lat' dir='ltr'><strong>proprio,</strong></span> <span class='ocrx_word' id='word_1_229' title='bbox 702 1576 755 1614; x_wconf 87' lang='lat' dir='ltr'><strong>nihil</strong></span> 
     </span>
     <span class='ocr_line' id='line_1_28' title="bbox 37 1628 756 1681; baseline -0.001 -14"><span class='ocrx_word' id='word_1_230' title='bbox 37 1628 95 1667; x_wconf 83' lang='lat' dir='ltr'><strong>aliud</strong></span> <span class='ocrx_word' id='word_1_231' title='bbox 106 1637 146 1677; x_wconf 86' lang='lat' dir='ltr'><strong>est,</strong></span> <span class='ocrx_word' id='word_1_232' title='bbox 161 1643 224 1680; x_wconf 77' lang='lat' dir='ltr'><strong>quem</strong></span> <span class='ocrx_word' id='word_1_233' title='bbox 235 1631 279 1681; x_wconf 82' lang='lat' dir='ltr'><strong>ipsa</strong></span> <span class='ocrx_word' id='word_1_234' title='bbox 289 1631 326 1669; x_wconf 83' lang='lat' dir='ltr'><strong>illa</strong></span> <span class='ocrx_word' id='word_1_235' title='bbox 336 1629 399 1669; x_wconf 89' lang='lat' dir='ltr'><strong>lectio</strong></span> <span class='ocrx_word' id='word_1_236' title='bbox 412 1628 515 1681; x_wconf 74' lang='grc' dir='ltr'><strong>ἀρχαϊκῶς</strong></span> <span class='ocrx_word' id='word_1_237' title='bbox 525 1636 546 1667; x_wconf 84' lang='lat' dir='ltr'><strong>et</strong></span> <span class='ocrx_word' id='word_1_238' title='bbox 556 1641 594 1680; x_wconf 85' lang='lat' dir='ltr'><strong>per</strong></span> <span class='ocrx_word' id='word_1_239' title='bbox 606 1628 756 1679; x_wconf 83' lang='lat' dir='ltr'><strong>compendium</strong></span> 
     </span>
     <span class='ocr_line' id='line_1_29' title="bbox 36 1681 636 1737; baseline 0 -19"><span class='ocrx_word' id='word_1_240' title='bbox 36 1681 114 1733; x_wconf 81' lang='lat' dir='ltr'><strong>scripta</strong></span> <span class='ocrx_word' id='word_1_241' title='bbox 122 1686 213 1735; x_wconf 73' lang='lat' dir='ltr'><strong>proprio.</strong></span> <span class='ocrx_word' id='word_1_242' title='bbox 240 1682 308 1735; x_wconf 81' lang='lat' dir='ltr'><strong>Vulgo</strong></span> <span class='ocrx_word' id='word_1_243' title='bbox 317 1685 410 1737; x_wconf 81' lang='lat' dir='ltr'><strong>proprio,</strong></span> <span class='ocrx_word' id='word_1_244' title='bbox 423 1694 485 1720; x_wconf 88' lang='lat' dir='ltr'><strong>sensu</strong></span> <span class='ocrx_word' id='word_1_245' title='bbox 494 1683 562 1719; x_wconf 84' lang='lat' dir='ltr'><strong>minus</strong></span> <span class='ocrx_word' id='word_1_246' title='bbox 573 1681 636 1719; x_wconf 83' lang='lat' dir='ltr'><strong>hono.</strong></span> 
     </span>
    </p>
   </div>
   <div class='ocr_carea' id='block_1_7' title="bbox 0 1742 757 2402">
    <p class='ocr_par' dir='ltr' id='par_1_8' title="bbox 35 1742 756 2057">
     <span class='ocr_line' id='line_1_30' title="bbox 89 1742 755 1796; baseline -0.008 -10"><span class='ocrx_word' id='word_1_247' title='bbox 89 1744 133 1793; x_wconf 66' lang='lat'><strong>818.</strong></span> <span class='ocrx_word' id='word_1_248' title='bbox 159 1747 232 1794; x_wconf 70' lang='lat' dir='ltr'><strong>halat]</strong></span> <span class='ocrx_word' id='word_1_249' title='bbox 254 1747 283 1784; x_wconf 89' lang='lat' dir='ltr'><strong>ita</strong></span> <span class='ocrx_word' id='word_1_250' title='bbox 297 1747 358 1785; x_wconf 81' lang='lat' dir='ltr'><strong>Wak.</strong></span> <span class='ocrx_word' id='word_1_251' title='bbox 374 1759 423 1785; x_wconf 88' lang='lat' dir='ltr'><strong>cum</strong></span> <span class='ocrx_word' id='word_1_252' title='bbox 439 1745 498 1784; x_wconf 78' lang='lat' dir='ltr'><strong>bodl.</strong></span> <span class='ocrx_word' id='word_1_253' title='bbox 515 1745 577 1785; x_wconf 85' lang='lat' dir='ltr'><strong>Vind.</strong></span> <span class='ocrx_word' id='word_1_254' title='bbox 596 1747 679 1796; x_wconf 80' lang='lat' dir='ltr'><strong>Frogm.</strong></span> <span class='ocrx_word' id='word_1_255' title='bbox 694 1742 755 1782; x_wconf 84' lang='lat' dir='ltr'><strong>Vind.</strong></span> 
     </span>
     <span class='ocr_line' id='line_1_31' title="bbox 36 1797 755 1848; baseline -0.003 -14"><span class='ocrx_word' id='word_1_256' title='bbox 36 1798 96 1836; x_wconf 90' lang='lat' dir='ltr'><strong>Poor.</strong></span> <span class='ocrx_word' id='word_1_257' title='bbox 112 1797 161 1835; x_wconf 82' lang='lat' dir='ltr'><strong>Brit.</strong></span> <span class='ocrx_word' id='word_1_258' title='bbox 174 1800 192 1837; x_wconf 90' lang='lat'><strong>1.</strong></span> <span class='ocrx_word' id='word_1_259' title='bbox 213 1799 285 1844; x_wconf 74' lang='lat' dir='ltr'><strong>Cant,</strong></span> <span class='ocrx_word' id='word_1_260' title='bbox 299 1798 372 1848; x_wconf 88' lang='lat' dir='ltr'><strong>quibus</strong></span> <span class='ocrx_word' id='word_1_261' title='bbox 389 1798 521 1836; x_wconf 88' lang='lat' dir='ltr'><strong>consentiunt</strong></span> <span class='ocrx_word' id='word_1_262' title='bbox 535 1798 589 1837; x_wconf 80' lang='lat' dir='ltr'><strong>Brix.</strong></span> <span class='ocrx_word' id='word_1_263' title='bbox 605 1797 651 1834; x_wconf 86' lang='lat' dir='ltr'><strong>Ald.</strong></span> <span class='ocrx_word' id='word_1_264' title='bbox 661 1798 679 1836; x_wconf 88' lang='lat'><strong>1.</strong></span> <span class='ocrx_word' id='word_1_265' title='bbox 696 1797 755 1843; x_wconf 80' lang='lat' dir='ltr'><strong>Bon,</strong></span> 
     </span>
     <span class='ocr_line' id='line_1_32' title="bbox 36 1848 755 1900; baseline -0.001 -14"><span class='ocrx_word' id='word_1_266' title='bbox 36 1860 76 1900; x_wconf 66' lang='lat' dir='ltr'><strong>nep</strong></span> <span class='ocrx_word' id='word_1_267' title='bbox 94 1849 304 1890; x_wconf 60' lang='lat' dir='ltr'><strong>«inundantibus.</strong></span> <span class='ocrx_word' id='word_1_268' title='bbox 321 1851 367 1887; x_wconf 84' lang='lat' dir='ltr'><strong>Ver.</strong></span> <span class='ocrx_word' id='word_1_269' title='bbox 380 1855 400 1886; x_wconf 87' lang='lat' dir='ltr'><strong>et</strong></span> <span class='ocrx_word' id='word_1_270' title='bbox 411 1851 473 1897; x_wconf 74' lang='lat' dir='ltr'><strong>Ven,</strong></span> <span class='ocrx_word' id='word_1_271' title='bbox 490 1850 535 1888; x_wconf 81' lang='lat' dir='ltr'><strong>ciat</strong></span> <span class='ocrx_word' id='word_1_272' title='bbox 544 1849 675 1899; x_wconf 73' lang='lat' dir='ltr'><strong>praebentes.</strong></span> <span class='ocrx_word' id='word_1_273' title='bbox 703 1848 755 1885; x_wconf 71' lang='lat' dir='ltr'><strong>Has.</strong></span> 
     </span>
     <span class='ocr_line' id='line_1_33' title="bbox 38 1900 756 1953; baseline -0.004 -15"><span class='ocrx_word' id='word_1_274' title='bbox 38 1913 86 1939; x_wconf 88' lang='lat' dir='ltr'><strong>cum</strong></span> <span class='ocrx_word' id='word_1_275' title='bbox 96 1901 216 1953; x_wconf 74' lang='lat' dir='ltr'><strong>vulgaribus</strong></span> <span class='ocrx_word' id='word_1_276' title='bbox 227 1900 305 1950; x_wconf 72' lang='lat' dir='ltr'><strong>halant,</strong></span> <span class='ocrx_word' id='word_1_277' title='bbox 316 1906 340 1938; x_wconf 92' lang='lat' dir='ltr'><strong>ut</strong></span> <span class='ocrx_word' id='word_1_278' title='bbox 350 1913 361 1938; x_wconf 87' lang='lat' dir='ltr'><strong>e</strong></span> <span class='ocrx_word' id='word_1_279' title='bbox 371 1900 423 1938; x_wconf 89' lang='lat' dir='ltr'><strong>meis</strong></span> <span class='ocrx_word' id='word_1_280' title='bbox 433 1900 492 1938; x_wconf 81' lang='lat' dir='ltr'><strong>libris</strong></span> <span class='ocrx_word' id='word_1_281' title='bbox 502 1902 555 1939; x_wconf 88' lang='lat' dir='ltr'><strong>lunt.</strong></span> <span class='ocrx_word' id='word_1_282' title='bbox 563 1906 586 1937; x_wconf 90' lang='lat' dir='ltr'><strong>et</strong></span> <span class='ocrx_word' id='word_1_283' title='bbox 593 1900 635 1937; x_wconf 75' lang='lat' dir='ltr'><strong>uid.</strong></span> <span class='ocrx_word' id='word_1_284' title='bbox 642 1901 663 1938; x_wconf 74' lang='lat'><strong>2.</strong></span> <span class='ocrx_word' id='word_1_285' title='bbox 676 1900 756 1947; x_wconf 84' lang='lat' dir='ltr'><strong>Festus,</strong></span> 
     </span>
     <span class='ocr_line' id='line_1_34' title="bbox 37 1951 756 2004; baseline 0 -15"><span class='ocrx_word' id='word_1_286' title='bbox 37 1952 73 2004; x_wconf 88' lang='lat' dir='ltr'><strong>qui</strong></span> <span class='ocrx_word' id='word_1_287' title='bbox 83 1952 140 1991; x_wconf 89' lang='lat' dir='ltr'><strong>hunc</strong></span> <span class='ocrx_word' id='word_1_288' title='bbox 150 1965 234 1991; x_wconf 82' lang='lat' dir='ltr'><strong>versum</strong></span> <span class='ocrx_word' id='word_1_289' title='bbox 244 1952 294 1990; x_wconf 78' lang='lat' dir='ltr'><strong>citat</strong></span> <span class='ocrx_word' id='word_1_290' title='bbox 309 1952 346 1989; x_wconf 89' lang='lat' dir='ltr'><strong>sub</strong></span> <span class='ocrx_word' id='word_1_291' title='bbox 361 1966 379 1990; x_wconf 88' lang='lat' dir='ltr'><strong>v.</strong></span> <span class='ocrx_word' id='word_1_292' title='bbox 392 1958 465 1990; x_wconf 83' lang='lat' dir='ltr'><strong>nectar</strong></span> <span class='ocrx_word' id='word_1_293' title='bbox 479 1954 514 2003; x_wconf 82' lang='lat' dir='ltr'><strong>(p.</strong></span> <span class='ocrx_word' id='word_1_294' title='bbox 524 1953 568 1992; x_wconf 81' lang='lat'><strong>331.</strong></span> <span class='ocrx_word' id='word_1_295' title='bbox 582 1951 670 2002; x_wconf 85' lang='lat' dir='ltr'><strong>Goth.)·.</strong></span> <span class='ocrx_word' id='word_1_296' title='bbox 684 1962 756 1990; x_wconf 83' lang='lat' dir='ltr'><strong>nector</strong></span> 
     </span>
     <span class='ocr_line' id='line_1_35' title="bbox 35 2004 624 2057; baseline -0.005 -14"><span class='ocrx_word' id='word_1_297' title='bbox 35 2006 166 2057; x_wconf 57' lang='lat' dir='ltr'><strong>quifloqihus</strong></span> <span class='ocrx_word' id='word_1_298' title='bbox 175 2006 247 2050; x_wconf 78' lang='lat' dir='ltr'><strong>babet,</strong></span> <span class='ocrx_word' id='word_1_299' title='bbox 261 2004 366 2042; x_wconf 85' lang='lat' dir='ltr'><strong>mendose.</strong></span> <span class='ocrx_word' id='word_1_300' title='bbox 621 2011 624 2013; x_wconf 73' lang='grc'><strong><em>’</em></strong></span> 
     </span>
    </p>

    <p class='ocr_par' dir='ltr' id='par_1_9' title="bbox 0 2052 757 2402">
     <span class='ocr_line' id='line_1_36' title="bbox 88 2052 757 2107; baseline -0.009 -11"><span class='ocrx_word' id='word_1_301' title='bbox 88 2056 133 2097; x_wconf 86' lang='grc'>850,</span> <span class='ocrx_word' id='word_1_302' title='bbox 162 2058 247 2107; x_wconf 78' lang='lat' dir='ltr'><strong>Quoad]</strong></span> <span class='ocrx_word' id='word_1_303' title='bbox 260 2055 289 2093; x_wconf 88' lang='lat' dir='ltr'><strong>sic</strong></span> <span class='ocrx_word' id='word_1_304' title='bbox 299 2055 364 2107; x_wconf 85' lang='lat' dir='ltr'><strong>Lugd.</strong></span> <span class='ocrx_word' id='word_1_305' title='bbox 377 2055 394 2094; x_wconf 88' lang='lat'><strong>1.</strong></span> <span class='ocrx_word' id='word_1_306' title='bbox 405 2056 424 2096; x_wconf 74' lang='grc'><strong>2.</strong></span> <span class='ocrx_word' id='word_1_307' title='bbox 440 2054 489 2093; x_wconf 82' lang='lat' dir='ltr'><strong>Brit.</strong></span> <span class='ocrx_word' id='word_1_308' title='bbox 501 2055 519 2094; x_wconf 89' lang='lat'><strong>1.</strong></span> <span class='ocrx_word' id='word_1_309' title='bbox 530 2056 549 2094; x_wconf 81' lang='lat'><strong>3.</strong></span> <span class='ocrx_word' id='word_1_310' title='bbox 560 2060 581 2092; x_wconf 89' lang='lat' dir='ltr'><strong>et</strong></span> <span class='ocrx_word' id='word_1_311' title='bbox 594 2057 665 2099; x_wconf 81' lang='lat' dir='ltr'><strong>Cant.;</strong></span> <span class='ocrx_word' id='word_1_312' title='bbox 679 2052 757 2104; x_wconf 79' lang='lat' dir='ltr'><strong>reliqui</strong></span> 
     </span>
     <span class='ocr_line' id='line_1_37' title="bbox 36 2105 755 2159; baseline -0.003 -15"><span class='ocrx_word' id='word_1_313' title='bbox 36 2107 99 2146; x_wconf 86' lang='lat' dir='ltr'><strong>Godd.</strong></span> <span class='ocrx_word' id='word_1_314' title='bbox 115 2113 243 2159; x_wconf 81' lang='lat' dir='ltr'><strong>cunctaeque</strong></span> <span class='ocrx_word' id='word_1_315' title='bbox 259 2107 316 2145; x_wconf 84' lang='lat' dir='ltr'><strong>editt.</strong></span> <span class='ocrx_word' id='word_1_316' title='bbox 332 2112 382 2145; x_wconf 85' lang='lat' dir='ltr'><strong>vett.</strong></span> <span class='ocrx_word' id='word_1_317' title='bbox 402 2110 465 2156; x_wconf 81' lang='lat' dir='ltr'><strong>Quod.</strong></span> <span class='ocrx_word' id='word_1_318' title='bbox 492 2107 522 2144; x_wconf 83' lang='lat' dir='ltr'><strong>De</strong></span> <span class='ocrx_word' id='word_1_319' title='bbox 533 2106 706 2157; x_wconf 79' lang='lat' dir='ltr'><strong>pronunciatione</strong></span> <span class='ocrx_word' id='word_1_320' title='bbox 717 2105 755 2142; x_wconf 89' lang='lat' dir='ltr'><strong>hu-</strong></span> 
     </span>
     <span class='ocr_line' id='line_1_38' title="bbox 36 2156 756 2211; baseline -0.003 -16"><span class='ocrx_word' id='word_1_321' title='bbox 36 2157 69 2195; x_wconf 83' lang='lat' dir='ltr'><strong>ius</strong></span> <span class='ocrx_word' id='word_1_322' title='bbox 79 2160 135 2196; x_wconf 90' lang='lat' dir='ltr'><strong>vocis</strong></span> <span class='ocrx_word' id='word_1_323' title='bbox 145 2166 168 2197; x_wconf 88' lang='lat' dir='ltr'><strong>ut</strong></span> <span class='ocrx_word' id='word_1_324' title='bbox 176 2160 331 2209; x_wconf 80' lang='lat' dir='ltr'><strong>monosyllabae</strong></span> <span class='ocrx_word' id='word_1_325' title='bbox 337 2159 377 2199; x_wconf 88' lang='lat' dir='ltr'><strong>vid.</strong></span> <span class='ocrx_word' id='word_1_326' title='bbox 384 2159 444 2204; x_wconf 80' lang='lat' dir='ltr'><strong>adH,</strong></span> <span class='ocrx_word' id='word_1_327' title='bbox 451 2159 496 2198; x_wconf 73' lang='lat'><strong>693.</strong></span> <span class='ocrx_word' id='word_1_328' title='bbox 509 2179 536 2187; x_wconf 84' lang='lat'><em>-</em></span> <span class='ocrx_word' id='word_1_329' title='bbox 546 2161 614 2211; x_wconf 82' lang='lat' dir='ltr'><strong>possis</strong></span> <span class='ocrx_word' id='word_1_330' title='bbox 624 2157 684 2198; x_wconf 74' lang='lat' dir='ltr'><strong>Wak.</strong></span> <span class='ocrx_word' id='word_1_331' title='bbox 695 2156 756 2194; x_wconf 83' lang='lat' dir='ltr'><strong>resti·</strong></span> 
     </span>
     <span class='ocr_line' id='line_1_39' title="bbox 36 2209 753 2263; baseline 0 -18"><span class='ocrx_word' id='word_1_332' title='bbox 36 2209 79 2246; x_wconf 90' lang='lat' dir='ltr'><strong>tuit</strong></span> <span class='ocrx_word' id='word_1_333' title='bbox 96 2222 120 2247; x_wconf 85' lang='lat' dir='ltr'><strong>ex</strong></span> <span class='ocrx_word' id='word_1_334' title='bbox 137 2211 233 2248; x_wconf 86' lang='lat' dir='ltr'><strong>omnibns</strong></span> <span class='ocrx_word' id='word_1_335' title='bbox 246 2211 315 2258; x_wconf 85' lang='lat' dir='ltr'><strong>libris,</strong></span> <span class='ocrx_word' id='word_1_336' title='bbox 331 2216 414 2261; x_wconf 81' lang='lat' dir='ltr'><strong>praeter</strong></span> <span class='ocrx_word' id='word_1_337' title='bbox 427 2211 597 2263; x_wconf 77' lang='lat' dir='ltr'><strong>Brit.1.,possit</strong></span> <span class='ocrx_word' id='word_1_338' title='bbox 614 2209 753 2256; x_wconf 73' lang='lat' dir='ltr'><strong>exhibentem,</strong></span> 
     </span>
     <span class='ocr_line' id='line_1_40' title="bbox 37 2260 757 2315; baseline 0 -18"><span class='ocrx_word' id='word_1_339' title='bbox 37 2260 96 2311; x_wconf 82' lang='lat' dir='ltr'><strong>quasi</strong></span> <span class='ocrx_word' id='word_1_340' title='bbox 104 2260 193 2299; x_wconf 81' lang='lat' dir='ltr'><strong>voluerit</strong></span> <span class='ocrx_word' id='word_1_341' title='bbox 201 2267 269 2315; x_wconf 79' lang='lat' dir='ltr'><strong>possit</strong></span> <span class='ocrx_word' id='word_1_342' title='bbox 281 2265 371 2314; x_wconf 83' lang='lat' dir='ltr'><strong>reperiri.</strong></span> <span class='ocrx_word' id='word_1_343' title='bbox 397 2262 464 2312; x_wconf 83' lang='lat' dir='ltr'><strong>Vulgo</strong></span> <span class='ocrx_word' id='word_1_344' title='bbox 477 2264 534 2312; x_wconf 79' lang='lat' dir='ltr'><strong>potis</strong></span> <span class='ocrx_word' id='word_1_345' title='bbox 548 2278 581 2307; x_wconf 82' lang='lat' dir='ltr'><strong>es,</strong></span> <span class='ocrx_word' id='word_1_346' title='bbox 596 2274 659 2312; x_wconf 83' lang='lat' dir='ltr'><strong>quam</strong></span> <span class='ocrx_word' id='word_1_347' title='bbox 672 2260 757 2298; x_wconf 80' lang='lat' dir='ltr'><strong>Lambi-</strong></span> 
     </span>
     <span class='ocr_line' id='line_1_41' title="bbox 0 2311 757 2359; baseline 0 -11"><span class='ocrx_word' id='word_1_348' title='bbox 0 2337 2 2341; x_wconf 52' lang='lat'>&gt;</span> <span class='ocrx_word' id='word_1_349' title='bbox 36 2311 70 2357; x_wconf 82' lang='lat' dir='ltr'><strong>ni,</strong></span> <span class='ocrx_word' id='word_1_350' title='bbox 83 2318 107 2348; x_wconf 89' lang='lat' dir='ltr'><strong>ut</strong></span> <span class='ocrx_word' id='word_1_351' title='bbox 120 2311 216 2357; x_wconf 69' lang='lat' dir='ltr'><strong>uidetur,</strong></span> <span class='ocrx_word' id='word_1_352' title='bbox 231 2314 374 2353; x_wconf 77' lang='lat' dir='ltr'><strong>coniecturam</strong></span> <span class='ocrx_word' id='word_1_353' title='bbox 385 2313 408 2351; x_wconf 88' lang='lat' dir='ltr'><strong>in</strong></span> <span class='ocrx_word' id='word_1_354' title='bbox 419 2314 525 2351; x_wconf 85' lang='lat' dir='ltr'><strong>veteribus</strong></span> <span class='ocrx_word' id='word_1_355' title='bbox 536 2312 596 2351; x_wconf 84' lang='lat' dir='ltr'><strong>libris</strong></span> <span class='ocrx_word' id='word_1_356' title='bbox 608 2312 707 2359; x_wconf 84' lang='lat' dir='ltr'><strong>inveniri,</strong></span> <span class='ocrx_word' id='word_1_357' title='bbox 722 2312 757 2349; x_wconf 86' lang='lat' dir='ltr'><strong>Gi·</strong></span> 
     </span>
     <span class='ocr_line' id='line_1_42' title="bbox 36 2362 221 2402; baseline 0.011 -2"><span class='ocrx_word' id='word_1_358' title='bbox 36 2362 95 2400; x_wconf 79' lang='lat' dir='ltr'><strong>fenio</strong></span> <span class='ocrx_word' id='word_1_359' title='bbox 107 2362 140 2398; x_wconf 81' lang='lat' dir='ltr'><strong>vix</strong></span> <span class='ocrx_word' id='word_1_360' title='bbox 152 2363 221 2402; x_wconf 87' lang='lat' dir='ltr'><strong>credo.</strong></span> 
     </span>
    </p>
   </div>
   <div class='ocr_carea' id='block_1_8' title="bbox 37 2386 756 2517">
    <p class='ocr_par' dir='ltr' id='par_1_10' title="bbox 37 2386 756 2517">
     <span class='ocr_line' id='line_1_43' title="bbox 88 2386 756 2467; baseline 0.019 -19"><span class='ocrx_word' id='word_1_361' title='bbox 88 2413 112 2450; x_wconf 91' lang='lat' dir='ltr'><strong>V.</strong></span> <span class='ocrx_word' id='word_1_362' title='bbox 124 2413 168 2452; x_wconf 84' lang='lat'><strong>853.</strong></span> <span class='ocrx_word' id='word_1_363' title='bbox 194 2420 216 2449; x_wconf 90' lang='lat' dir='ltr'><strong>et</strong></span> <span class='ocrx_word' id='word_1_364' title='bbox 229 2416 345 2455; x_wconf 81' lang='lat' dir='ltr'><strong>Priscianus</strong></span> <span class='ocrx_word' id='word_1_365' title='bbox 357 2386 395 2464; x_wconf 62' lang='grc' dir='ltr'><strong>Ἦ,</strong></span> <span class='ocrx_word' id='word_1_366' title='bbox 406 2417 437 2457; x_wconf 84' lang='lat'><strong>17.</strong></span> <span class='ocrx_word' id='word_1_367' title='bbox 450 2418 466 2467; x_wconf 62' lang='grc' dir='ltr'><strong>ᾗ</strong></span> <span class='ocrx_word' id='word_1_368' title='bbox 477 2418 508 2457; x_wconf 83' lang='grc'><strong>91.</strong></span> <span class='ocrx_word' id='word_1_369' title='bbox 523 2417 556 2467; x_wconf 88' lang='lat' dir='ltr'><strong>(p.</strong></span> <span class='ocrx_word' id='word_1_370' title='bbox 567 2418 613 2457; x_wconf 64' lang='lat'><strong>722·</strong></span> <span class='ocrx_word' id='word_1_371' title='bbox 626 2417 662 2460; x_wconf 79' lang='lat' dir='ltr'><strong>P.)</strong></span> <span class='ocrx_word' id='word_1_372' title='bbox 676 2420 697 2451; x_wconf 63' lang='lat' dir='ltr'><strong>el</strong></span> <span class='ocrx_word' id='word_1_373' title='bbox 711 2414 756 2450; x_wconf 71' lang='grc' dir='ltr'><strong>ΝΟ·</strong></span> 
     </span>
     <span class='ocr_line' id='line_1_44' title="bbox 37 2463 755 2517; baseline 0.001 -16"><span class='ocrx_word' id='word_1_374' title='bbox 37 2463 83 2502; x_wconf 86' lang='lat' dir='ltr'><strong>nius</strong></span> <span class='ocrx_word' id='word_1_375' title='bbox 94 2466 119 2515; x_wconf 84' lang='lat' dir='ltr'><strong>ll,</strong></span> <span class='ocrx_word' id='word_1_376' title='bbox 130 2466 175 2504; x_wconf 85' lang='grc'>913.</span> <span class='ocrx_word' id='word_1_377' title='bbox 191 2464 253 2504; x_wconf 77' lang='lat' dir='ltr'><strong>affert</strong></span> <span class='ocrx_word' id='word_1_378' title='bbox 266 2479 315 2507; x_wconf 87' lang='lat' dir='ltr'><strong>cum</strong></span> <span class='ocrx_word' id='word_1_379' title='bbox 330 2469 398 2508; x_wconf 80' lang='lat' dir='ltr'><strong>multa</strong></span> <span class='ocrx_word' id='word_1_380' title='bbox 408 2468 504 2509; x_wconf 87' lang='lat' dir='ltr'><strong>iectionis</strong></span> <span class='ocrx_word' id='word_1_381' title='bbox 514 2468 614 2507; x_wconf 77' lang='lat' dir='ltr'><strong>varietate</strong></span> <span class='ocrx_word' id='word_1_382' title='bbox 620 2497 626 2517; x_wconf 86' lang='lat'><strong>,</strong></span> <span class='ocrx_word' id='word_1_383' title='bbox 641 2477 693 2517; x_wconf 81' lang='lat' dir='ltr'><strong>quae</strong></span> <span class='ocrx_word' id='word_1_384' title='bbox 701 2465 755 2502; x_wconf 89' lang='lat' dir='ltr'><strong>inte-</strong></span> 
     </span>
    </p>
   </div>
   <div class='ocr_carea' id='block_1_9' title="bbox 555 2526 599 2565">
    <p class='ocr_par' dir='ltr' id='par_1_11' title="bbox 555 2526 599 2565">
     <span class='ocr_line' id='line_1_45' title="bbox 555 2526 599 2565; baseline -0.045 0"><span class='ocrx_word' id='word_1_385' title='bbox 555 2526 599 2565; x_wconf 69' lang='grc' dir='ltr'><strong>ΖΞ</strong></span> 
     </span>
    </p>
   </div>
   <div class='ocr_carea' id='block_1_10' title="bbox 0 0 851 2654">
    <p class='ocr_par' dir='ltr' id='par_1_12' title="bbox 0 0 851 2654">
     <span class='ocr_line' id='line_1_46' title="bbox 0 0 851 2654; baseline 0 0"><span class='ocrx_word' id='word_1_386' title='bbox 0 0 851 2654; x_wconf 95' lang='lat' dir='ltr'><strong> </strong></span> 
     </span>
    </p>
   </div>
  </div>
 </body>
</html>
