1690 2654
158 462 661 568 11111111111111111111

388 637 434 677 DE
491 651 496 656 ’

57 718 781 819 nuuum‚nnrunn

246 854 376 916 LIBER
404 859 581 938 PRIMUS.

336 993 488 1004 --—---

107 1092 232 1154 Aeneadrim
243 1106 343 1159 genetrix,
356 1107 460 1147 hominum
473 1108 577 1158 divquue
589 1108 686 1157 voluptas,

106 1165 165 1202 Alma
177 1159 252 1207 Venus,
266 1160 316 1198 eueli
329 1160 395 1199 subter
407 1160 494 1200 labentia
506 1161 564 1211 signa

107 1215 164 1264 Quae
176 1223 232 1249 mare
244 1210 372 1262 naugerum,
385 1224 435 1262 quae
447 1216 511 1253 terras
523 1211 669 1263 frugiferenteis

107 1263 247 1310 Gonnum-au
260 1276 296 1313 per
308 1267 328 1302 te
341 1265 433 1314 queniam
446 1277 508 1316 genus
521 1277 578 1303 omne
591 1265 713 1307 animantmn

107 1315 221 1365 Concipitur
233 1314 317 1364 visitque
330 1320 420 1355 exertum
431 1317 508 1356 lumina
520 1317 575 1355 selis:

108 1370 149 1415 Te,
162 1369 216 1414 Dea,
230 1369 250 1405 te
262 1367 342 1418 fugiunt
354 1368 431 1416 veniel,
445 1372 464 1406 ie
477 1369 545 1407 nubila
557 1369 614 1414 coeii,

108 1421 256 1468 Adventumque
268 1423 334 1466 tuum3
347 1419 384 1459 tibi
395 1420 472 1459 suaveis
486 1420 568 1459 daedala
580 1420 638 1458 tellus

107 1470 221 1512 Summum.
231 1471 300 1517 flerem
312 1471 349 1510 tibi
361 1471 425 1510 rident
438 1484 524 1521 aequem
535 1472 596 1521 penti,

107 1524 249 1571 Placatumque
260 1522 310 1561 nitet
322 1522 392 1569 diffuse
405 1523 479 1561 lumine
492 1524 575 1561 eoelum.

110 1575 162 1615 Nam
175 1574 235 1612 simul
247 1586 270 1612 ne
283 1574 355 1623 speeies
367 1575 466 1623 patefacta
479 1580 508 1614 est
519 1586 581 1614 uerna
593 1572 639 1622 diei,

107 1628 133 1666 ut
145 1630 232 1665 reserata
243 1624 299 1677 vig'et
310 1626 403 1677 genitalis
415 1627 561 1675 mallaverit,

107 1678 179 1720 nitriae
193 1677 280 1728 primum
292 1680 381 1719 volueres
393 1684 425 1728 te,
438 1678 501 1728 Diva,
514 1683 610 1730 tuumque

107 1730 224 1780 Significant
235 1729 316 1779 initum,
331 1733 433 1781 perculsae
445 1733 505 1772 eorda
517 1737 552 1772 tua
564 1733 592 1771 ri.

106 1782 155 1821 inde
167 1782 221 1819 ferae
234 1783 316 1831 pecudes
329 1785 438 1833 persultant
450 1786 524 1834 pabula
536 1785 598 1831 laeta,

108 1835 134 1874 Et
146 1833 225 1883 rapidus
238 1837 317 1873 tranant
330 1836 415 1875 amneis:
428 1836 467 1884 ita,
481 1840 538 1886 capta
550 1837 623 1885 lepore,

113 1885 263 1935 [illecebrisque
273 1886 312 1925 tuis
327 1888 389 1926 omnis
402 1892 472 1927 natura
484 1887 624 1936 animantum]-

107 1938 138 1976 Te
150 1936 236 1985 sequitur
250 1937 328 1987 cupide,
342 1953 380 1988 que
395 1952 491 1989 quamque
503 1939 595 1985 inducere
607 1935 680 1987 pergis,

106 1988 195 2037 Denique
207 2001 242 2038 per
255 1990 320 2032 maria
333 2003 356 2030 ae
368 1991 451 2031 menteis
463 1991 574 2041 fluviusque
585 1987 674 2040 rapaceis

107 2040 272 2091 Frundiferasque
285 2043 352 2081 dumus
365 2043 432 2082 arium
445 2056 562 2094 campusque
571 2040 666 2080 -virenteis
722 2072 728 2076 „

108 2092 204 2131 Omnibus
216 2093 311 2132 incutiens
324 2096 418 2133 blandum
430 2109 466 2146 per
478 2101 557 2146 pectora
569 2097 663 2141 amorem,

106 2144 185 2192 Efficis,
198 2148 220 2183 ut
233 2146 302 2195 cupide
314 2148 424 2197 generatim
436 2148 489 2186 secla
500 2150 614 2197 propagent.

127 2196 190 2245 ‘Quae
202 2198 295 2246 queniam
307 2212 374 2239 rerum
385 2204 476 2238 naturam
489 2200 530 2238 sola
543 2200 647 2250 gubernas,

107 2245 148 2284 Nee
161 2248 234 2287 sinete
247 2250 352 2299 quidquam
366 2251 408 2290 dias
420 2251 441 2293 in
452 2251 532 2289 luminis
545 2263 589 2289 eras

106 2297 209 2347 Exoritur,
223 2314 285 2350 neque
298 2303 320 2341 fit
332 2304 405 2341 laetum
419 2315 482 2352 neque
494 2303 580 2341 amabile
593 2299 711 2353 quidqumu3

108 2348 138 2385 Te
152 2351 226 2390 seciam
238 2354 306 2392 studeo
320 2355 438 2393 seribundeis
451 2355 538 2393 versibus
552 2367 600 2402 esse,
743 2350 768 2387 25

107 2399 161 2446 Quos
174 2413 210 2460 ege
224 2403 248 2441 de
260 2418 331 2444 nanum
341 2420 420 2446 11111111
432 2419 519 2457 pangere
532 2419 591 2445 eonor

107 2450 240 2493 Memmiadae
253 2461 330 2498 nestro:
345 2472 403 2509 quem
416 2462 451 2507 tn,
464 2460 517 2507 Dea,
530 2463 618 2508 tempure
630 2455 651 2495 in
664 2453 716 2495 muni

568 2514 614 2555 ne
