1690 2654
268 74 308 116 AB
325 71 457 112 LIBRUM
474 71 617 116 SEXTUM.
757 73 805 120 481

88 196 146 230 recte
160 186 270 228 retinuisse
286 193 368 222 censeo.
395 181 454 219 Vind.
467 182 526 221 Poor.
537 183 587 222 Brit.
599 185 617 224 1.
627 184 646 224 3,
663 186 717 222 lunt.
730 180 776 221 Ald.
787 184 805 222 2.

89 258 157 298 supra.
186 232 375 290 (Gonf.adl‚544.
389 235 477 285 [IL-⁹286.
491 237 544 284 etc.)
732 290 736 297 .

141 294 186 332 266.
212 287 283 336 tanto]
304 286 349 324 Ald.
361 288 380 325 1·
395 288 445 324 Bon.
460 288 513 325 tunt.
529 296 604 328 tantos.
621 309 648 315 -
666 287 807 338 „vementefi

15 347 17 350 '
89 344 205 390 verissime,
220 352 269 378 casu
284 344 355 387 recto,
369 338 383 377 i.
395 349 412 376 e.
426 338 498 377 nubes:
517 344 537 376 et
548 336 572 378 τὸ
582 342 692 392 opprimere
704 339 807 384 absolute,

90 403 114 434 ut
122 410 140 434 v,
152 395 196 434 285.
209 392 265 441 [286.
274 397 358 428 nostrae
370 389 439 439 editt]
456 388 518 427 Conf.
530 391 592 428 etiam
602 395 617 440 Ι,
630 392 675 431 28οι
689 389 807 438 IV‚1173.“

90 449 146 486 Haec
155 443 256 483 Bentleius
269 441 386 492 adscripsit,
402 454 443 492 quo
455 452 539 479 suasore
549 442 610 481 Wak.
622 443 716 480 omnium
725 443 770 480 fere
781 442 806 479 li-

90 500 179 538 brorum
190 495 304 532 lectionem
316 493 338 531 in
348 499 468 531 contextum
478 493 591 534 revocavit.
609 494 676 546 Vulgo
689 495 745 532 enim
753 494 807 545 legi-

90 557 124 587 tur
133 552 183 588 ltaec
191 558 262 593 terras,
270 546 340 583 nescio
352 558 379 583 an
389 551 463 583 contra
472 557 544 584 ornnes
551 545 616 584 libros
626 548 686 594 lllss.‚
699 560 755 593 nain,
768 545 807 583 etsi

90 599 152 637 Vind.
168 611 210 637 non
220 597 366 648 respiciamus,
385 597 407 634 in
419 596 472 636 Brix.
483 603 552 646 certe,
573 597 590 635 si
600 599 694 635 Gerardo
706 598 757 635 fides
769 598 807 635 ha-

90 650 164 698 benda,
177 649 255 701 legitur
265 660 342 693 terram
355 649 378 686 in
389 648 441 688 Ven.
450 649 502 688 Ven.
512 662 552 688 vox
562 662 646 700 prorsus
656 651 721 689 abest.
734 649 806 687 Lamn.

91 703 195 753 duplicem
207 701 317 752 proposuit
329 700 394 739 coni:
413 702 456 741 Nec
467 704 522 741 tanti
533 714 617 755 possent
627 705 728 742 venientes
740 704 807 755 oppri-

33 793 35 795 .
65 794 66 797 ,
91 770 143 795 mere
153 756 222 806 ignes,
237 755 313 803 (quum
325 753 424 790 Gassend.
436 753 557 804 probavit),
571 754 616 792 vel:
635 757 807 806 Nectantopos-

91 816 136 845 sent
144 807 244 844 viventeis
254 808 366 857 opprimere
377 806 441 843 imbri.

142 857 187 897 267.
213 856 320 907 Flumina]
338 857 398 896 Poor.
412 855 462 896 Brit.
478 856 498 897 3.
516 856 574 895 Cant.
589 857 638 898 Ver.
656 858 708 897 ten.
725 854 772 894 Ald.
790 857 808 895 1.

91 910 141 946 Bon.
154 910 255 947 Fulmina.

143 961 189 998 269,
214 963 262 1007 Hic,
277 958 291 997 i.
302 971 319 996 e.
328 957 350 996 in
361 955 452 997 aethere.
479 959 512 996 Sic
523 965 594 997 autem
604 959 665 997 Wak.
677 970 701 996 ex
712 958 808 996 omnihus

91 1010 136 1048 fere
147 1010 205 1048 libris
217 1012 285 1061 (inter
295 1023 345 1062 quos
358 1010 420 1049 etiam
433 1009 485 1052 trix.
496 1011 531 1060 (l)
542 1013 589 1049 Ver.
602 1012 654 1052 Ven.
663 1010 708 1049 Ald.
718 1012 735 1050 1.
747 1011 808 1058 Bon..

91 1062 142 1100 licet
156 1063 243 1102 Gerard.
254 1065 336 1109 taceat)
352 1075 390 1113 pro
407 1063 488 1114 vulgari
499 1067 539 1103 His
553 1063 657 1111 restituit,
678 1062 734 1113 quod
751 1062 808 1099 solae

10 1148 13 1151 Δ
91 1116 144 1151 lunt.
157 1121 179 1151 et
187 1113 263 1153 Alae.
276 1114 385 1159 exliiltent3
404 1115 466 1152 Puer.
476 1118 516 1163 Sic,
529 1122 626 1164 receptae
636 1115 721 1152 lectioni
730 1113 808 1150 favens.

92 1186 117 1194 -
128 1166 201 1216 plena]
216 1165 282 1217 Lugd.
295 1168 313 1206 1.
323 1167 343 1205 2.
353 1165 415 1205 vind.
426 1165 475 1206 Brit.
484 1167 502 1205 1.
514 1168 586 1217 plana·
612 1168 642 1203 De
654 1164 809 1204 constructione

92 1216 150 1255 verbi
157 1219 230 1270 plenus
242 1229 291 1256 cum
301 1223 358 1256 sento
370 1229 430 1267 casu,
444 1217 541 1255 Lucretio
554 1230 597 1255 non
609 1217 688 1266 minus,
703 1229 766 1269 quam
776 1216 809 1254 al-

92 1274 138 1306 tera
147 1273 196 1307 curn
207 1269 298 1307 secundo
310 1275 411 1318 usurpata
421 1269 474 1315 (vid.
480 1271 514 1317 VI,
525 1270 570 1309 537.
583 1268 648 1315 1184„
659 1276 679 1305 et
689 1276 764 1307 contra
773 1271 808 1317 Ill,

93 1322 137 1360 951.
150 1322 195 1360 973.
209 1322 249 1370 IV,
265 1323 309 1361 620.
322 1322 379 1361 1159.
399 1321 522 1368 V1‚13o.),
536 1320 592 1360 conf.
602 1320 700 1359 Ruddim.
712 1326 762 1361 Inst.
772 1322 808 1359 Gr.

20 1375 22 1378 '
93 1374 117 1412 ll.
125 1385 145 1423 p.
156 1373 199 1411 112.
210 1379 253 1413 net.
262 1373 294 1414 30.
307 1378 328 1410 et
341 1372 377 1424 qui
386 1371 421 1411 hie
432 1372 550 1410 laudantur.

144 1425 189 1463 271.
214 1424 297 1478 supra]
308 1424 338 1462 ita
350 1423 410 1463 Wak.
426 1428 477 1463 'cum
490 1425 552 1463 Poor.
563 1422 612 1462 Brit.
623 1424 641 1463 1.
651 1424 670 1463 3.
687 1424 743 1460 Cant.
755 1423 808 1461 Brix.

94 1475 139 1512 Ver.
152 1476 202 1514 Ven.
214 1478 269 1515 lunt.
279 1476 325 1513 Ald.
337 1478 369 1523 2.;
387 1476 450 1527 vulgo
461 1492 547 1529 supera,
563 1481 587 1514 ut
601 1474 646 1515 Ald.
657 1477 675 1514 1.
691 1478 741 1514 Bon.
747 1498 754 1521 ,
772 1474 810 1512 sed

95 1531 167 1563 contra
175 1526 240 1565 libros
250 1529 310 1577 Mss.,
324 1533 349 1565 ut
359 1527 419 1567 Wak.
430 1529 561 1579 suspicatur..

145 1580 191 1617 272.
216 1580 302 1630 habere]
317 1580 393 1629 „Vinu
400 1582 450 1619 haec
461 1584 485 1620 cle
490 1596 519 1626 re,
524 1580 584 1617 Poor.
591 1578 640 1616 Brit.
650 1579 731 1619 3.Gant.
737 1579 807 1628 [Bria]

95 1628 143 1667 Ver.
154 1628 223 1679 [Vem]
233 1633 273 1670 tat·
283 1634 307 1671 de
318 1647 352 1679 re‚·
365 1631 469 1671 distractis
479 1631 572 1684 primum
582 1631 672 1683 syllabis,
680 1631 754 1669 deinde
762 1642 810 1668 mu-

94 1679 236 1720 tatisliterisf‘
263 1687 295 1722 W
298 1686 336 1722 ak.
543 1723 546 1727 ¹

146 1730 190 1772 274.
217 1734 270 1784 Hie]
287 1733 350 1773 Puer.
359 1734 409 1775 Brit.
419 1736 438 1776 1.
447 1736 469 1786 3.
484 1735 545 1775 Cant.
555 1733 608 1775 Brix.
619 1736 667 1774 Ver.
676 1735 726 1776 Ven.
737 1732 782 1772 Ald.
790 1735 810 1773 2.

95 1785 150 1831 Hoc,
163 1786 216 1826 lunt.
225 1790 290 1825 Haec.
624 1822 629 1827 ,

98 1883 103 1892 ι
146 1837 191 1876 276.
217 1837 290 1888 simul]
310 1840 369 1877 Cant.
385 1836 592 1878 similis.-A1d.1.
611 1843 632 1875 et
642 1839 692 1874 Bon.
705 1841 752 1887 post
766 1851 811 1875 cum

96 1894 190 1925 inserunt
201 1891 234 1936 in,
253 1903 317 1941 vana,
337 1897 361 1928 ut
377 1890 439 1929 Wak.
456 1889 517 1939 dicit,
537 1890 562 1927 de
579 1896 647 1927 metro
663 1887 810 1926 sollicitudine.

98 1938 172 1983 (Gonf.
182 1940 207 1978 ad
219 1942 244 1992 V,
256 1943 274 1983 7.
288 1949 308 1980 et
318 1942 375 1980 infra
384 1942 411 1980 ad
421 1956 440 1982 v.
449 1943 494 1983 375.
507 1947 527 1979 et
536 1942 595 1991 797.)

147 1992 191 2030 279.
217 1997 347 2041 accenditur]
363 1996 423 2033 Cant.
433 1997 553 2033 attenditur.
563 2013 588 2021 -
599 1993 656 2043 eum]
671 1990 720 2030 urit.
728 1992 747 2031 1.
758 2003 811 2036 tum,⁴

97 2039 160 2091 vulgo
169 2059 227 2093 nam,
241 2058 265 2083 ex
277 2046 383 2084 editorum
399 2046 492 2084 arbitrio.
518 2044 592 2084 Lamb.
607 2044 723 2095 suspicatur
733 2055 811 2097 suapte,

97 2091 195 2193 {gyne
206 2111 278 2148 quom5
290 2097 364 2150 quibus
375 2098 500 2137 coniecturis
512 2109 555 2136 non
566 2109 617 2148 opus
629 2103 665 2135 est.
679 2095 751 2146 (Cous.
763 2096 789 2134 ad
796 2097 811 2142 Ι,

147 2198 192 2236 281.
219 2203 251 2239 vis
261 2204 327 2249 venti,
341 2202 376 2240 vel
383 2204 455 2254 gravis
465 2199 530 2253 ignis]
545 2199 651 2248 Optimum
664 2199 723 2248 duxi,
737 2199 812 2250 vulga-

97 2250 141 2282 tam
150 2248 269 2298 tectionem,
279 2265 332 2303 quae
341 2255 430 2302 probum
441 2265 525 2290 sensum
535 2252 605 2298 hahet,
617 2257 638 2288 et
646 2251 737 2302 plurium
747 2251 812 2287 libro-

97 2307 145 2356 rum
156 2302 281 2341 auctoritate
292 2303 375 2354 nititur,
391 2317 439 2343 curn
448 2304 523 2344 Eiehst.
534 2303 632 2343 retinere.
659 2304 692 2342 Sic
702 2302 756 2341 enim
765 2300 812 2353 pri-

98 2358 128 2407 se1
141 2351 171 2389 Pii
183 2354 248 2393 codd.
261 2357 321 2394 Poor.
333 2357 389 2395 Gant.
401 2359 455 2395 Iunt.
467 2363 489 2394 et
499 2355 543 2393 Ald.
553 2357 584 2402 2,;
603 2356 669 2393 ceteri
678 2354 725 2392 libri
736 2353 765 2390 ita
776 2365 812 2389 va-

98 2407 162 2439 nant:
180 2405 304 2448 Vind.‘Brix.
314 2409 363 2446 Ver.
371 2409 422 2446 Ven.
439 2411 511 2461 gravis
523 2419 604 2447 uentum
614 2409 691 2460 insigni
714 2404 779 2455 Lugd.
793 2406 810 2443 1.

99 2450 117 2489 2·
130 2458 200 2504 gravis
209 2461 266 2498 venti
276 2463 309 2499 vis
319 2463 370 2513 igni,
384 2460 433 2502 Brit.
446 2462 465 2501 1.
474 2461 573 2514 gravibus
583 2462 648 2499 ventis
658 2458 752 2510 insignit,
762 2456 811 2494 Brit.
