1690 2654
190 132 230 173 iu
246 129 384 171 nisinun
399 125 582 182 'colurum
700 120 755 180 359(

31 248 72 280 tut.
86 254 110 269 -
123 239 217 289 ciarum]
238 251 277 276 vox
293 249 377 289 prorsus
394 237 452 276 abest
470 249 482 274 a
497 234 558 275 vind.
572 234 622 274 Brit.
633 235 651 275 1.
662 234 681 274 2.
694 232 747 273 Brix.

31 294 80 330 Ver.
91 292 154 341 Ven.‚
171 292 193 329 in
204 293 252 328 Brit.
262 292 281 330 3.
295 290 402 340 suppletur
412 305 448 342 per
458 290 531 336 aedes,
546 289 596 325 etin
606 287 655 325 Brit.
669 287 687 326 1.
697 298 747 324 ver-

31 356 64 381 sus
73 344 129 381 hunc
138 343 201 381 hahet
211 344 299 380 exitum:
311 344 357 380 dam
367 343 418 379 haec
428 342 499 385 clausa
508 342 590 378 transit.
609 338 649 376 scd
660 337 717 378 coni.
728 338 746 386 I,

31 395 76 435 355.
91 396 148 453 clusa
165 397 279 443 domorum,
294 399 315 430 et
330 392 372 430 vid.
389 404 442 443 quae
456 389 738 440 ad1‚87.1040.1068.etc

31 452 182 484 annotavimus.
735 470 737 472 ,

83 509 127 553 617.
152 512 209 556 Hoc,
224 510 259 560 qai
273 503 388 556 (cippaticos
397 519 435 557 pro
447 507 499 559 qao)
512 509 621 552 sentimus,
634 505 648 545 i.
659 517 677 545 e.
688 505 746 543 Haec

31 572 75 609 res,
90 563 131 610 qun
143 560 253 607 sentim,
267 565 290 595 ut
307 559 368 598 Walr.
384 558 546 608 interpretatur,
561 558 597 610 qui
612 553 746 594 hanc'librc-

30 610 206 651 rum'lectionem
219 609 315 649 restituit.
348 611 416 661 Vulgo
429 614 487 649 Haec
502 615 570 661 queis,
589 616 613 648 ut
628 608 673 648 Ald.
690 611 708 648 1.
725 614 747 646 et

31 666 93 709 Bon.;
105 665 149 703 Nec
164 666 208 715 quis
222 664 278 700 lunt.
295 668 315 700 et
331 661 376 701 ild.
387 665 419 710 2.,
433 661 490 713 quod
498 662 564 700 Bentl.
576 661 658 713 probat.
670 682 696 687 -
709 675 747 699 su-

32 714 133 787 cnmllita
146 715 195 755 Brit.
206 716 224 754 1.
241 713 298 751 Brixs
312 714 359 753 Ver.
377 715 440 762 Ven.;
453 713 517 766 vulgo
531 729 618 753 succum.
633 711 708 763 (Geni.
720 710 747 750 ad

50 796 56 816 7
84 766 127 857 oni
153 818 199 869 plus
215 816 336 869 operaeque]
351 815 381 855 sic
399 815 454 855 edidi
466 829 514 854 cum
526 816 583 854 Bodl.
592 818 655 857 Poor.
666 814 716 854 Brit.
725 816 745 855 3.

32 874 53 907 et
62 869 116 907 Brix.
126 870 173 907 Ver.
182 869 233 907 Ven.
245 867 290 904 Ata.
302 869 320 906 1.
332 874 352 905 et
363 871 423 915 Bon.;
438 869 495 907 Cant.
506 884 579 921 operae
589 870 655 920 quael,
669 866 717 905 Brit.
727 868 746 905 1.

29 923 76 974 plus
92 935 208 973 operarum,
223 918 288 957 ceteri
302 919 351 957 libri
367 933 439 958 omnes
452 922 502 973 plns
518 935 600 973 operae,
614 917 670 956 unde
684 917 747 955 Wak.

31 971 84 1010 fecit
93 974 146 1024 plus·
156 975 236 1023 operat,
253 982 315 1020 quem
326 971 402 1010 Eiohst.
414 972 514 1022 sequitur.
541 971 581 1009 Sed
592 982 657 1021 quum
669 968 747 1018 proha-

31 1022 93 1062 bilius
105 1023 143 1071 sit,
158 1022 255 1072 copulam
266 1021 333 1073 quein
343 1022 385 1060 fine
395 1035 465 1060 versus
475 1022 574 1060 omissam
583 1034 638 1068 esse,
651 1020 747 1070 inprimis

32 1073 94 1112 alteri
104 1073 187 1110 demum
197 1073 244 1110 voci
257 1073 370 1122 sententiae
383 1074 487 1111 adiectam
502 1074 572 1124 (quod
583 1080 655 1111 tamen
666 1073 709 1110 iam
720 1071 747 1110 ad

4 1169 6 1172 ,
31 1125 117 1174 1u‚585.
129 1130 150 1162 et
161 1124 210 1162 alibi
219 1123 329 1172 vidimus),
343 1138 405 1175 quam
414 1124 523 1175 vulgarem
532 1124 617 1176 genitivi
625 1125 718 1163 formam
726 1125 748 1162 ai

28 1177 54 1214 -in
66 1176 160 1214 omnihus
170 1175 228 1222 libris
238 1180 341 1212 mutatam
352 1188 402 1223 esse,
414 1176 466 1213 illud
476 1192 587 1230 operaeque
595 1175 748 1214 restituendum

33 1227 87 1265 duxi.
115 1227 182 1278 Vulgo
190 1228 276 1279 plusque
286 1231 358 1279 operat
365 1234 439 1266 contra
448 1227 552 1266 librorum
562 1229 718 1267 auctoritatem.

83 1292 129 1330 621.
153 1306 178 1329 ac
189 1293 266 1329 siccare
280 1293 347 1342 coepit
363 1291 423 1331 Wak.
437 1291 519 1342 scripsit
534 1304 559 1330 ex
575 1292 671 1330 omnibus
686 1290 746 1329 libris
766 1302 769 1304 ’

31 1348 116 1393 praeter
128 1341 173 1382 Ald.
185 1344 203 1381 1.
218 1344 279 1389 Bon,
292 1341 314 1379 iu
331 1342 404 1393 quihus
421 1346 560 1396 exsiccareque
575 1346 611 1388 (ut
620 1342 710 1392 vulgo),
725 1347 747 1379 et

31 1395 87 1433 lunt.
99 1393 144 1434 Ald.
155 1395 187 1441 2.,
201 1392 307 1443 inquibus
322 1409 347 1432 aa
358 1397 435 1433 siccare
447 1398 523 1446 recepit
532 1394 618 1446 legitur3
632 1393 746 1431 editoribus

32 1442 131 1483 nimirum
145 1444 168 1482 in
185 1443 271 1482 diaeresi
285 1444 495 1494 paullo-inusitatiori
508 1445 672 1495 offendentibus,
692 1456 746 1496 quae

32 1503 103 1533 tamen
113 1508 125 1532 a
134 1497 224 1533 Lucretii
236 1496 385 1533 consuetudine
393 1510 435 1534 uon
446 1496 551 1535 abhorret.
572 1498 650 1547 (Confi
658 1509 675 1536 e.
686 1510 707 1547 g.
719 1495 746 1534 ad

33 1548 50 1596 I,
59 1548 90 1587 55.
102 1544 147 1586 224.
159 1549 193 1596 lV,
203 1548 297 1593 itanu,
310 1545 341 1586 54.
353 1549 398 1587 910.
412 1549 445 1593 Vl,
456 1545 501 1587 954.
512 1549 579 1595 etc.)‘

30 1627 33 1631 .
85 1597 129 1637 624.
156 1602 200 1637 Hoc
210 1598 224 1635 1¹.
234 1610 252 1635 e.
264 1597 306 1636 hoc
316 1599 390 1644 modo,
404 1606 501 1648 utsupra
513 1613 532 1636 v.
545 1600 590 1639 361.
599 1600 645 1639 555.
658 1604 679 1635 et
690 1598 746 1637 alibi.

34 1648 67 1686 Sic
76 1653 149 1686 nutem
157 1649 217 1688 Wak.
228 1649 321 1697 reposuit
331 1663 342 1687 e
351 1650 473 1688 melioribus
483 1650 553 1698 lihris3
568 1651 622 1689 Brix.
630 1653 683 1696 Hac,
697 1650 747 1691 Ver.

32 1703 87 1748 lieo,
100 1701 161 1738 Vind.
174 1702 234 1741 Poor.
250 1701 298 1740 urie
309 1703 328 1741 2.
338 1703 358 1741 3.
371 1702 423 1740 Veri.
435 1701 480 1739 Ald.
494 1703 511 1741 1.
523 1704 543 1742 2.
555 1704 606 1742 Bon.
616 1703 670 1739 Iunt.
681 1705 746 1751 Haec,

35 1752 91 1801 quod
105 1752 127 1788 in
144 1752 200 1803 vulg}
216 1752 274 1790 editt.
282 1760 397 1803 receptum.
410 1775 435 1784 ..
449 1755 566 1802 manantis]
579 1753 662 1792 Retinui
671 1753 747 1805 vulga-

33 1814 79 1840 rem
87 1802 214 1846 lectionem,
228 1804 278 1840 licet
286 1811 370 1841 tantum
379 1817 391 1841 a
401 1804 461 1841 Vind.
471 1806 531 1843 Poor.
541 1805 588 1841 Brit.
601 1802 619 1844 1.
630 1807 649 1845 3.
660 1807 713 1843 tunt.
726 1809 748 1842 et

34 1853 78 1891 Ant
90 1855 109 1892 2.
121 1854 279 1903 suppeditetam.
307 1856 374 1893 Ceteri
386 1854 435 1893 libri
444 1868 562 1905 manantes,
577 1856 633 1907 quod
644 1856 705 1893 Wak.
714 1868 747 1893 re-

35 1904 91 1962 cepit
101 1905 220 1955 quidemut
230 1905 359 1955 exquisitius,
373 1907 460 1952 sednon
473 1907 593 1957 explicavit,
606 1906 683 1945 Eichst.
696 1919 746 1956 vero

34 1956 130 2002 retinuit,
143 1969 202 1994 more
214 1969 250 1995 suo
261 1961 375 1997 mananteis
387 1958 494 2009 scriptum.

87 2021 131 2060 626.
156 2023 238 2074 linguai
251 2025 348 2061 sudantia
362 2023 450 2076 templa]
467 2020 526 2060 Gonf.
542 2021 569 2060 ad
580 2024 596 2070 l,
606 2023 652 2063 121.
670 2020 748 2059 Ennius

36 2076 109 2108 contra
123 2073 178 2121 apud
193 2076 234 2112 Cic.
251 2076 274 2112 N.
289 2075 314 2113 D.
329 2075 353 2121 u,
370 2075 401 2113 18.
417 2074 453 2110 lin.
469 2074 502 2123 (p.
514 2074 560 2114 327.
573 2076 643 2124 Hess.)
654 2076 748 2125 palatum

36 2123 86 2159 caeli
101 2132 265 2173 commemorat,
284 2125 311 2162 ad
324 2137 386 2175 quem
399 2125 471 2162 locum
484 2124 586 2161 Columna
598 2124 690 2163 Lucretii
705 2137 748 2163 non

36 2171 112 2209 oblitus
127 2181 164 2211 est.
190 2177 251 2216 Wak.
265 2176 453 2226 comparat'sidon.
464 2175 532 2226 Apoll.
541 2178 578 2223 IX,
589 2178 620 2224 7.,
633 2175 670 2214 uhi
680 2191 748 2215 came-

36 2237 80 2261 ram
88 2226 156 2274 palaa'
165 2226 262 2278 legimus,
274 2235 295 2266 et
305 2228 408 2266 Isidorum
419 2227 488 2277 Origg.
494 2229 531 2275 XI,
539 2228 555 2265 1.
569 2227 599 2265 sic
610 2227 748 2265 scribentem:

36 2276 151 2321 „Pataram
158 2285 264 2327 nostrum,
277 2280 330 2317 sicut
343 2281 424 2326 coelam,
437 2291 517 2316 sursum
528 2280 670 2328 estpositum:
686 2279 747 2315 etin-

36 2322 62 2359 de
74 2324 167 2373 palatum
177 2341 190 2365 a
201 2331 263 2378 polo,
272 2344 315 2381 per
326 2331 486 2368 derivationem:
500 2329 535 2366 ssd
549 2337 570 2367 et
582 2329 658 2368 Graeci
673 2329 747 2367 simili-

36 2378 70 2410 ter
83 2374 177 2433 palatum
193 2377 285 2432 οὐρανόν
295 2383 412 2433 appellant,
426 2395 450 2420 eo
463 2381 519 2433 quod
531 2377 611 2432 pro'sui
623 2384 748 2421 concauitate

38 2425 91 2462 coeli
100 2427 257 2478 similitudinem
266 2433 349 2473 haheat.
356 2435 370 2457 ‘⁶

87 2490 132 2530 629.
154 2494 213 2543 fine]
233 2494 263 2534 sic
276 2498 327 2537 flav.
343 2504 364 2537 et
377 2497 438 2540 ch,
453 2510 503 2536 cum
517 2496 612 2549 plurimis
625 2493 748 2542 libris3-nec
