1690 2654
278 107 319 148 iu
335 104 472 145 uiuuuii
491 103 637 144 surruii.
756 102 803 147 509

86 219 163 271 fugisse
173 217 260 256 videtur.
287 212 428 251 Nihilominus
439 219 459 250 et
470 213 614 250 coniecturam
626 212 736 262 proposuit
747 223 803 251 totas

87 284 102 310 a.
114 288 143 322 sp.
156 274 176 309 in
187 270 261 314 orbeis,
281 265 315 303 ciii
330 268 354 314 ΙΙ,
366 262 412 305 544.
427 266 450 314 V,
463 265 519 305 1165.
539 271 560 302 et
575 265 652 302 similes
669 265 711 302 loci
726 277 801 315 parum

86 323 163 360 favent.

139 373 181 412 631.
208 368 277 407 Verba
296 374 358 417 Quom
366 370 421 419 plait
432 370 454 406 in
466 370 527 405 terris
544 366 642 417 Virgilius
654 370 702 403 Aen.
714 369 741 414 X,
755 369 799 406 807.

87 425 188 470 assumsit,
204 426 265 469 Quam
274 419 295 456 in
303 426 356 458 Dum
366 425 453 466 mutato,
467 418 504 456 ubi
514 418 594 455 Servius
605 424 702 455 annotat:
716 420 799 467 „scien-

87 476 136 512 dum
149 480 184 520 est,
192 470 348 509 hemistichium
358 471 399 508 hoc
409 470 500 508 Lucretii
511 482 561 517 esse,
569 470 625 520 quod
636 470 673 518 ita,
680 476 702 507 ut
712 471 799 519 invenit,

21 538 22 542 ’
87 525 183 576 Virgilius
195 522 322 560 transtuliif‘

137 578 182 615 633.
209 577 316 620 caniiiucta
328 584 370 621 est,
385 572 445 622 aras]
460 572 490 611 sic
506 571 592 623 plurimi
609 578 630 609 et
642 572 715 622 optimi
728 573 799 622 Codd,

87 640 175 677 quorum
186 626 297 662 lectionem
309 627 359 661 Har.
370 625 488 671 revocavit,
508 637 571 675 quern
583 632 698 674 sequuntur
709 626 768 663 ch.
780 632 800 662 et

85 679 171 723 Eiclist.;
184 677 243 716 Vind.
249 677 296 714 Ver.
302 678 319 713 V
321 689 353 713 en.
367 679 553 723 coniunctissimas,
568 676 624 726 quod
634 676 690 713 idem
702 684 738 715 est.
751 678 800 714 Vul-

29 739 31 741 ·
86 743 112 780 go
128 732 244 768 coniunctas
262 743 319 774 oras,
340 728 458 765 eLamhini
476 728 598 765 mutatione.
611 750 636 755 -
650 729 724 778 uraris]
741 728 799 766 Vind.

84 784 145 819 Poor.
156 780 204 817 Brit.
216 782 233 817 1.
245 779 263 817 ὃ.
276 780 336 818 Cant.
351 779 403 817 Brir.
414 781 463 817 Ver.
473 781 524 817 Veri.
534 779 579 818 ald.
592 781 609 818 l.
626 783 674 817 Boii.
686 784 759 833 magis.
773 803 800 807 —

85 834 180 884 cingens]
194 831 242 868 Brit.
255 832 273 869 l.
286 832 306 870 3.
316 834 410 882 tingens,
424 832 472 868 Ver.
485 833 535 868 Veri.
546 846 630 883 augens.

137 883 180 922 635·
208 893 273 920 terras
284 882 366 931 itidem]
381 884 441 933 l’oor.
455 883 505 921 urii.
518 886 609 921 terrarii
619 885 678 931 idem,
693 884 799 923 Ver·Ven.

86 945 140 972 terra
150 937 180 971 sic
190 936 249 980 idem,
264 936 312 970 Brit.
321 935 339 973 1.
350 945 426 972 terracin
436 938 466 972 sic
476 937 534 980 idem,
550 935 609 971 Cani.
623 947 688 972 cerras
700 939 729 973 sic
740 938 799 973 idem.

136 986 180 1024 636.
206 986 273 1034 idrus]
288 985 336 1024 Brit.
348 987 366 1025 1.
376 988 437 1025 ictas.
465 986 596 1023 Ceterumvv.
606 988 645 1025 636
658 1007 684 1013 -
698 988 755 1033 diist,
766 986 799 1023 vix

84 1049 126 1074 una
138 1036 243 1086 alteraque
255 1050 307 1075 voce
317 1038 397 1083 variati,
408 1037 506 1088 leguntur
515 1037 579 1075 etiam
588 1038 612 1083 V,
620 1039 660 1077 aio
669 1059 694 1065 -
701 1040 746 1077 273.

135 1089 178 1127 638.
205 1090 274 1137 redit]
294 1090 340 1126 Ver.
352 1091 492 1140 Veii.reddit‚
507 1091 651 1129 Cantrcdclet.
664 1111 690 1116 —
704 1084 796 1142 agiiii'c‘el

83 1138 130 1176 Brit.
141 1141 159 1177 1.
170 1138 214 1179 Ald.
226 1141 243 1178 1.
254 1140 306 1178 Bon.
317 1144 419 1192 augmine.

134 1191 178 1230 639.
204 1191 272 1240 secta]
288 1192 337 1231 Brit.
345 1195 361 1231 1.
375 1193 435 1229 Cant.
446 1202 510 1244 septa.
529 1191 715 1242 Walr.,vulgatam
726 1192 799 1230 defeu-

83 1254 153 1290 surus,
165 1251 272 1291 comparat
284 1243 340 1294 Virg.
349 1245 399 1281 Aen.
410 1245 472 1291 vrit,
486 1245 530 1290 63,;
549 1244 623 1280 nielius
638 1251 707 1281 autem
725 1251 798 1282 eontu-

82 1292 139 1330 lisset
157 1294 248 1331 eiusdem
266 1296 314 1333 Geo.
328 1298 348 1344 l,
362 1297 408 1335 258.
436 1296 509 1343 (Cani.
526 1295 588 1333 etiam
605 1294 632 1332 ad
647 1297 670 1345 V,
686 1296 742 1347 2731,
762 1296 797 1334 uhi

84 1345 171 1383 eandem
182 1346 304 1385 varietatem
316 1346 359 1384 iam
371 1346 566 1397 deprehendimus.)

134 1396 178 1436 642.
207 1399 281 1435 Versus
295 1398 469 1449 corruptissimus,
484 1400 518 1450 qui
530 1398 661 1436 coniectandi
670 1398 736 1435 latum
749 1411 797 1449 ape-

83 1446 111 1483 rit
127 1461 230 1498 campum.
259 1451 326 1490 Codd.
340 1457 360 1487 et
371 1457 421 1489 vett.
439 1451 496 1491 editt.
510 1451 540 1488 sic
552 1450 645 1488 variant:
665 1451 730 1500 Lugii·
745 1452 762 1489 1.
776 1453 795 1490 2.

83 1498 143 1536 Vind.
157 1501 204 1537 Brit.
215 1502 233 1539 l.
246 1501 305 1540 Cant.
324 1505 391 1541 media
405 1505 475 1554 grecia
487 1505 514 1541 de
527 1513 607 1550 coorta,
627 1501 681 1538 Brix.
693 1504 759 1540 media
771 1505 796 1541 de

82 1553 164 1600 graecia
175 1553 264 1599 coriaria,
276 1552 326 1591 Brit.
338 1555 356 1594 ἆ
369 1557 436 1594 media
446 1543 515 1605 grecid
526 1564 603 1601 coorta,
616 1552 676 1591 Bodl.
688 1553 735 1590 Ver.
743 1554 794 1592 Veii.

82 1604 148 1639 media
161 1606 231 1652 grecia
242 1606 348 1654 decorata,
367 1607 429 1645 Poor.
442 1609 495 1645 lunt.
513 1608 616 1644 medicae
630 1607 706 1656 glande
718 1616 793 1651 coorta,

82 1652 127 1692 Ald.
139 1655 156 1692 1.
171 1656 220 1693 Bon.
233 1659 300 1709 media
313 1673 367 1710 quac
378 1659 435 1696 clade
445 1669 528 1701 coortam
541 1656 586 1696 Ald.
596 1658 615 1697 2.
628 1656 717 1706 denique
729 1659 795 1695 media

83 1705 107 1741 de
123 1707 180 1743 clade
195 1718 276 1755 coorta,
296 1721 349 1759 quae
366 1709 456 1759 vulgaris
470 1708 535 1747 lectio
546 1708 629 1746 mansit.
656 1710 722 1746 Faber
741 1708 794 1748 coni.

83 1755 118 1793 dia
130 1758 153 1794 de
164 1758 222 1796 clade
238 1771 318 1807 coorta,
337 1773 399 1812 quain
409 1759 535 1808 lectionem,
554 1766 628 1810 utpote
639 1759 764 1797 facillimam
775 1766 795 1797 et

83 1806 215 1855 aptissimam,
230 1823 278 1848 cum
289 1813 339 1851 Hau.
353 1819 373 1850 et
383 1812 458 1850 Eichst.
470 1813 593 1864 recepimus²
607 1812 656 1849 licet
669 1824 680 1848 a
692 1811 794 1848 librorum

24 1908 26 1910 q
83 1858 171 1908 vestigiis
186 1861 302 1908 paullulum
318 1865 410 1901 recedat.
436 1863 510 1913 irak„
529 1864 565 1914 qui
574 1864 663 1900 lectores
676 1863 702 1899 ad
717 1863 794 1899 Heinsii

83 1914 141 1945 notas
151 1909 172 1947 in
184 1912 240 1950 Ovid.
251 1915 299 1953 hlet.
310 1916 345 1961 IV,
360 1917 405 1956 536.
418 1915 513 1966 ablegat,
527 1928 538 1953 e
553 1914 606 1952 coni.
619 1914 684 1951 edidit
698 1917 794 1953 mediocri

83 1960 140 1999 clade
149 1974 229 2011 coorta,
244 1966 301 2014 quod
310 1980 372 2017 quem
383 1980 466 2004 sensum
478 1967 577 2005 idoneum
587 1967 697 2017 praebeat,
710 1979 753 2004 non
764 1965 794 2003 vi-

84 2009 129 2070 deo3
155 2015 231 2052 Melius
247 2018 310 2058 ssentl.
324 2021 424 2057 Enceladi
441 2021 465 2056 de
481 2022 538 2058 clade
550 2030 631 2067 coorta,
651 2025 794 2068 quamtamen

84 2070 223 2104 coniecturam
233 2069 329 2107 Knebelii
342 2070 516 2108 CensorHalensis
527 2073 555 2118 (a.
567 2072 624 2110 1823.
638 2070 670 2109 ch.
680 2069 737 2120 ato)
745 2083 794 2120 pro-

82 2119 152 2172 pterea
168 2119 313 2168 reprehendit,
333 2122 390 2173 quod
406 2123 513 2160 Lucretius
529 2121 581 2170 (sive
600 2121 669 2172 potius
684 2123 791 2172 Epicurus)

19 2222 21 2225 v
82 2176 114 2200 vii
124 2172 167 2225 tam
179 2181 247 2208 seram
256 2172 361 2223 fabulam,
375 2186 427 2225 quae
438 2173 559 2212 Callimachi
569 2174 654 2211 demum
665 2174 793 2225 temporibus

82 2215 161 2273 plenius
181 2223 261 2260 exculta
283 2226 320 2273 sii,
343 2226 471 2276 respexisset.
511 2227 550 2263 Hic
568 2225 656 2277 denique
671 2226 706 2263 vir
720 2227 792 2263 doctus

82 2269 188 2328 lp⁵eflu³⁸
203 2277 302 2324 proponit
317 2278 458 2315 coniecturas:
476 2280 521 2317 diro
537 2280 621 2330 Cyclope
633 2290 713 2327 coorta,
728 2289 791 2328 quum

82 2317 171 2359 Lucilius
180 2323 200 2361 in
210 2328 275 2366 Aetna
285 2342 304 2366 v.
309 2331 334 2369 29
340 2342 364 2368 ss.
380 2332 436 2373 (Illis
447 2332 544 2382 Cyclopas
553 2341 665 2369 incinerant
674 2330 791 2374 fornacibus

26 2416 30 2419 .
83 2373 141 2419 MOS)
155 2383 224 2423 aperte
237 2380 358 2418 Lucretium
370 2387 418 2418 ante
430 2381 501 2419 oculos
511 2382 613 2431 hahuerit,
634 2382 745 2431 Cyelopum
755 2391 791 2416 ve-

32 2437 33 2440 *
82 2431 105 2456 ro
119 2432 288 2470 commemoratio
299 2433 321 2469 in
331 2434 387 2482 loco,
402 2446 443 2484 quo
456 2434 576 2482 Lucretius,
590 2433 790 2484 mythograpliorum

83 2483 199 2519 commenta
213 2494 346 2536 oppugnans,
365 2487 443 2524 Aetnae
457 2485 578 2525 incendium
589 2498 613 2524 eii
627 2484 692 2523 causis
704 2489 789 2522 natura·
