1690 2654
255 57 297 99 Ao
312 55 448 97 LIBRUM
465 55 610 97 SEXTUM.
747 52 795 98 477

77 169 135 208 Bodl.
146 169 213 216 collis,
231 164 279 204 Brit·
289 164 309 204 2·
326 164 389 208 ΐαῑίεῑ
408 163 470 215 vulgo
486 146 559 212 caleis,
573 162 686 203 eTurnebi
697 162 764 211 coni,
783 174 795 198 a

77 220 179 261 Lambino
190 217 282 270 primum
294 221 387 264 recepta,
402 221 423 253 et
431 217 458 254 ab
470 216 547 254 Orellio
559 228 642 267 quoque
656 221 744 262 servata,
759 213 796 263 qui

78 271 170 317 dubitat,
197 281 224 307 an
240 268 299 306 callis
314 278 407 316 unquam
424 266 450 305 de
466 267 572 305 curriculo
586 274 708 317 usurpatum
718 264 794 303 vfuerit,

25 366 29 368 ,
77 328 104 361 At
113 335 163 361 vero
172 333 214 358 non
225 320 266 356 hoc
276 317 431 368 quaerendum,
450 318 488 356 sed
499 331 550 356 num
562 330 574 355 a
586 319 683 356 Lucretio
694 318 724 354 sic
736 328 794 354 usur-

77 374 124 425 pari
139 369 243 424 potuerit3
264 368 321 419 quod
333 368 430 419 profecto
442 382 515 419 nemo
531 369 623 420 negabit.
659 370 755 407 Ceterum
768 366 795 405 de

78 424 136 464 omni
147 424 187 462 hac
200 419 303 470 Calliopes
312 419 455 469 invocatione,
468 420 528 470 loco,
542 426 566 458 ut
577 420 629 458 mihi
641 420 725 472 quidem
737 419 794 457 vide-

77 483 119 523 tur,
131 485 216 526 prorsus
227 471 295 508 alieno
306 470 342 509 hic
355 472 439 520 inserta,
453 471 494 510 vid.
505 484 559 522 quae
572 485 636 523 supra
648 472 702 513 adv.
713 468 745 511 48.
757 471 794 509 oh·

5 528 14 536 '⁴
77 526 213 571 servavimus,
232 522 311 561 collata
321 535 370 560 cum
384 529 464 561 annott.
475 523 503 561 ad
510 525 537 571 V,
546 521 592 564 947.

129 577 162 617 95.
188 577 267 625 insigni
279 573 340 613 Wak.
348 573 463 613 rectissime
479 575 573 613 restituit
584 587 609 613 ex
622 575 718 614 omnihus
726 573 793 622 libris,

78 638 201 678 comparans
214 627 271 676 Virg.
281 627 331 665 Aen.
343 625 360 674 I,
371 625 416 665 625.
423 638 438 675 3,
448 626 633 680 vulgo-insignem,
652 626 679 665 ad
689 626 794 676 editorum

78 679 194 729 arbitrium,
207 676 337 715 hauddubie
348 677 375 715 ob
384 676 455 716 locum
465 679 483 728 I,
495 680 539 719 928.
550 680 593 717 sive
602 682 634 725 lV,
645 677 665 718 4.

130 732 175 770 101.
201 728 260 778 ltine]
275 728 325 766 Brit.
335 729 355 769 2,
365 731 408 777 hie,
422 742 483 776 „nou
494 731 573 777 male,“
587 736 611 768 ut
621 730 682 769 Wak.
693 734 770 767 censet.

129 783 174 822 102.
199 780 275 829 nubes]
288 779 319 818 sic
328 780 388 820 Poor.
401 779 447 819 sid.
459 782 477 821 1.
488 783 507 821 2.
517 781 569 820 Bou.
580 783 646 831 lunt„
661 792 713 833 quos
724 780 793 818 edito-

77 845 111 872 res
120 832 202 884 sequuti
211 837 270 879 sunt;
293 831 347 869 mira
358 838 429 869 tamen
442 832 463 870 in
474 832 560 885 reliquis
573 833 632 872 libris
643 832 747 871 invenitur
758 845 795 870 va-

77 886 151 923 rietas:
172 884 239 935 L'ugd.
257 884 277 923 1.
292 884 312 923 2.
327 883 376 922 Brit.
392 886 411 923 2.
423 884 443 923 3.
461 886 520 925 Cant.
535 883 589 923 Brix.
604 887 652 924 Ver.
668 885 720 923 Ven.
733 881 793 932 nzire,

77 935 139 976 Vind.
147 934 223 976 iisdem
232 934 342 973 literarum
351 935 446 973 ductibus
458 937 526 986 inire,
540 936 588 977 Brit.
597 938 617 976 2.
626 938 690 976 mirae
695 951 702 980 ,·
714 934 738 972 in
748 933 794 986 qui-

77 987 116 1026 bus
125 977 290 1026 aboriationihus
301 985 373 1038 utique
384 987 463 1038 aliquid
471 986 539 1026 latere
548 987 641 1037 videtur,
655 987 689 1026 cui
701 985 794 1024 eruendo

77 1037 182 1090 imparem
197 1051 233 1077 me
243 1038 358 1087 profiteor3
375 1048 426 1076 nam
437 1039 580 1077 coniecturam
590 1043 663 1088 nisae,
678 1051 731 1090 quae
741 1037 795 1075 mihi

77 1090 100 1127 in
112 1096 204 1129 mentem
214 1089 278 1138 veuit,
291 1090 362 1128 statim
373 1089 444 1129 reieci.
470 1090 530 1133 Wsk.
540 1091 595 1130 coni.
599 1093 682 1143 firmae,
696 1089 753 1142 quod
762 1088 794 1127 ui·

77 1141 145 1180 mium
154 1141 234 1182 recedit
245 1154 258 1179 a
267 1141 371 1181 librorum
386 1140 484 1193 vestigiis.
681 1186 683 1190 ,

129 1191 174 1234 104.
200 1194 230 1233 De
239 1193 342 1232 vocabulo
351 1195 424 1248 famas
435 1194 458 1231 in
467 1193 544 1246 plurali
556 1200 657 1247 usurpata
667 1193 723 1233 conf.
733 1192 793 1232 llud-

78 1243 128 1283 dim.
138 1248 186 1284 Inst¹
198 1246 234 1284 Gr.
243 1246 259 1285 l.
269 1260 291 1297 p.
300 1244 345 1285 145.
356 1252 401 1285 not.
411 1246 444 1285 31.

129 1297 173 1337 105.
201 1297 319 1347 outbrnto]
340 1297 369 1336 sic
381 1296 589 1338 HauWalnEiclsst.
601 1310 649 1336 cum
658 1295 753 1348 plurimis
767 1294 793 1333 li·

58 1350 64 1356 ”
78 1345 134 1395 bris3
153 1348 202 1387 Brit.
213 1351 232 1390 2.
242 1348 288 1390 Ald.
298 1350 316 1390 1.
327 1351 377 1387 Bon.
390 1351 485 1402 abrupto,
499 1349 556 1401 quod
566 1348 622 1400 vulg.
633 1349 692 1387 editt.
702 1359 792 1399 recepe-

78 1404 134 1437 runt.
160 1399 220 1441 Wak.
229 1407 339 1452 comparat
351 1403 445 1439 Festum:
457 1406 562 1452 „Brutum
573 1400 654 1451 antiqui
661 1415 745 1454 gravem
758 1398 792 1436 di-

79 1450 175 1499 cebant,“
194 1458 215 1489 et
229 1454 279 1491 Hor.
291 1453 328 1492 od.
339 1455 360 1502 I,
375 1451 411 1500 34,
421 1450 454 1501 92,
471 1453 509 1490 uhi
518 1454 578 1492 bruta
594 1455 654 1491 tellus
670 1452 697 1489 sit
709 1450 792 1500 „inerti

78 1502 170 1549 pondere
177 1505 251 1555 gravis,
260 1510 280 1541 et
289 1504 425 1542 immobilis.“
438 1525 463 1532 -
472 1504 566 1556 pressae]
581 1504 635 1542 Brix.
643 1518 734 1556 praesse,
743 1504 791 1541 Ver.

78 1553 129 1591 Ven.
138 1569 220 1606 presso,
240 1555 285 1595 Ald.
296 1557 315 1595 1.
325 1558 374 1595 Bon.
384 1559 462 1608 pressi,
479 1554 506 1593 ad
518 1557 596 1609 lapides
609 1555 711 1605 relatum,
727 1553 791 1605 longo

78 1603 176 1643 deterius.
192 1607 267 1646 ,ΒσιηΙι
280 1607 324 1645 sine
334 1607 387 1645 iusta
399 1620 461 1645 causa
471 1607 524 1646 coui.
532 1609 610 1658 fessae.

131 1659 176 1697 109.
199 1661 297 1710 theatris]
312 1658 342 1696 Pii
352 1658 418 1697 Codd.
431 1659 516 1709 quidam
524 1661 630 1706 iraenelis3
644 1669 717 1708 „quae
727 1655 791 1709 lectio

79 1706 121 1754 (sic
132 1708 236 1759 scripsi'in
247 1710 297 1750 Diss.
308 1722 356 1748 mea
367 1710 392 1748 de
402 1711 465 1750 Lucr.
477 1723 497 1761 p.
510 1712 554 1751 110.
565 1712 594 1758 s.)
608 1709 719 1749 mirificam
728 1707 793 1746 hahet

79 1761 294 1810 commendationem,
318 1774 383 1812 quum
401 1761 463 1812 plane
481 1762 604 1801 incredibile
620 1762 658 1809 sit,
680 1759 791 1798 librarium

79 1811 183 1860 quendam
195 1814 275 1864 vulgari
286 1813 373 1851 lectioni
383 1812 425 1850 hoc
437 1813 526 1852 verbum
543 1813 684 1860 substituisse,
698 1811 754 1862 quod
769 1811 791 1847 in

78 1860 199 1902 Latinorum
206 1864 288 1914 scalptis
297 1870 340 1903 tam
347 1877 419 1903 rarum
427 1871 448 1902 et
457 1864 587 1916 incognitum
600 1872 637 1912 est,
646 1875 708 1915 quam
719 1868 792 1912 aptum

80 1918 101 1949 et
111 1912 193 1964 elegans
207 1914 230 1954 in
242 1923 314 1955 nostro
326 1916 385 1963 loco,
404 1915 438 1954 cui
451 1916 507 1954 solus
517 1917 611 1955 Macroh.
623 1919 665 1954 Sat.
675 1916 698 1963 V,
710 1916 743 1955 21.
758 1912 791 1951 lu·

80 1975 126 2001 cem
137 1966 211 2005 afferre
222 1973 298 2018 potest,
306 1968 342 2020 qui
352 1966 412 2006 dicit:
426 1968 576 2018 „Asclepiades
588 1989 615 1996 -
628 1989 653 1996 —
667 1966 695 2005 ait
707 1987 740 2013 -‚
753 1977 792 2003 na—

9 2034 10 2037 =
57 2019 61 2023 '
79 2015 129 2053 valis
142 2021 192 2057 mali
208 2019 249 2069 [sic
265 2020 321 2058 enini
331 2019 388 2058 haud
406 2019 468 2057 dubie
479 2033 518 2071 pro
534 2022 574 2060 veli
588 2019 714 2072 legendum
734 2017 791 2056 conf.

78 2066 216 2119 Athen.Xl,7‚
226 2069 266 2122 49]
282 2077 363 2122 partem
372 2070 496 2109 inferiorem
506 2070 596 2123 πτέρναν
605 2071 688 2116 vocari3
702 2077 723 2108 at
734 2070 791 2108 circa

78 2118 169 2158 mediam
179 2121 247 2160 ferme
257 2130 339 2173 partem
350 2119 451 2173 τράχηλον
465 2122 506 2161 diei
516 2125 574 2164 etc.“
600 2124 646 2161 Iam
662 2134 712 2160 vero
724 2133 791 2172 quum

79 2175 170 2228 constet,
178 2174 299 2212 Lucretium
307 2175 370 2213 verba
380 2186 456 2225 graeca
462 2174 542 2224 saepius
552 2174 574 2212 in
583 2187 643 2212 suam
649 2186 696 2211 rem
705 2185 790 2211 conver·

78 2225 133 2280 usse,
146 2224 333 2274 (conf.adll,412.)
345 2238 394 2265 sane
405 2226 457 2263 haec
467 2226 530 2265 lectio
540 2239 640 2279 magnam
649 2224 739 2275 acquirit
746 2225 790 2263 veri

79 2282 179 2321 speciem3
197 2289 250 2327 quae
262 2284 334 2317 tamen
343 2279 360 2316 si
370 2290 420 2316 vera
430 2277 505 2327 fuerit,
520 2278 557 2317 sed
569 2292 581 2316 a
589 2277 668 2317 seriore
677 2276 790 2326 interpola-

78 2326 131 2373 tore,
138 2331 210 2376 utpote
220 2329 309 2368 obscura
320 2336 340 2368 et
349 2330 439 2379 insolita,
445 2336 533 2382 remota,
540 2331 656 2369 necessario
666 2328 789 2368 sumendum

80 2380 120 2432 eti,
134 2378 197 2416 simul
209 2387 230 2418 et
240 2388 363 2432 sequentem
375 2394 458 2421 versum
471 2396 557 2435 magnas
568 2395 653 2434 passum
663 2394 706 2419 esse
717 2385 789 2416 muta-

78 2429 155 2477 tiones,
169 2443 234 2483 quum
245 2433 355 2474 Lucretius
364 2433 397 2473 vix
407 2434 499 2476 scribere
509 2435 610 2488 potuerit:
624 2434 732 2480 Garbasus,
745 2437 789 2468 tra-
