1690 2654
53 84 123 143 too
257 96 536 143 interemtores

52 210 169 255 memorat,
181 204 241 244 loeus
255 206 367 258 parallelus
384 210 400 257 i,
415 208 472 258 921,
492 208 529 246 ubi
543 213 590 258 post
605 210 649 248 Nec
662 224 693 247 me
708 211 773 247 animi

48 260 117 312 fallit,
131 273 192 310 quarn
203 269 270 309 aeque
280 258 422 297 subiunctivus
433 261 534 311 sequitur,
545 267 637 311 tuentur.
650 260 712 298 Wak.
723 272 773 298 cum

53 310 112 350 Vind.
122 311 183 348 Poor.
193 310 243 347 Brit.
254 313 273 351 2.
284 313 302 351 3.
317 312 377 351 Cant.
388 318 409 349 et
419 318 469 351 vett.
481 310 540 350 editt.
552 314 643 352 Accidit.

104 375 150 413 100.
174 375 303 427 pervincere]
319 375 368 413 Brit.
384 376 403 415 3.
418 379 533 430 pervicere,
546 373 672 416 tentorii.
687 377 707 417 2-
722 375 771 416 Ver.
830 379 834 385 '

50 426 102 466 Veri.
113 424 160 464 Ald.
173 429 192 467 1.
204 429 253 467 Bon.
262 430 387 482 permittere.
589 462 590 465 ,

104 478 149 516 101.
176 479 222 528 ulu']
237 479 302 531 Lugd.
310 481 329 518 1.
340 481 380 526 ibi,
393 478 441 517 Brit.
448 480 467 518 3.
480 480 527 517 Ver.
538 479 591 517 Ven.
602 480 651 528 tibi,
665 478 718 516 Brix.
733 480 773 518 titt

50 532 70 567 si
83 531 135 579 (pro
143 531 174 580 fit
183 530 236 578 ubi).
249 553 275 559 -
290 531 408 578 insolitam]
421 530 471 570 Brit.
480 532 525 570 1-3.
539 531 587 580 Yet.
598 531 649 570 Ven.
660 533 772 571 insolitum.

50 581 149 619 Ceterum
155 581 263 621 Lueretius
273 581 308 620 hic
318 582 413 625 imitatur
419 576 568 633 Empedoclem
578 582 635 632 apud
645 582 709 621 Glem.
716 581 772 625 Alex.

49 634 129 671 Strom.
141 635 166 683 V,
179 636 210 673 12.
226 637 258 683 (v.
268 635 314 673 302.
324 636 414 682 stum),
429 634 537 684 quodiam
546 633 607 672 Wak.
619 634 733 671 annotavit.

104 699 149 737 103.
176 696 223 749 quo]
238 696 304 747 Lugd.
312 697 330 734 1.
341 697 404 732 Poor.
414 696 464 733 Brit.
470 698 489 734 1.
494 698 514 735 2.
526 698 586 734 Cant.
596 696 650 736 Brix.
660 698 708 736 Ver.
719 697 771 733 ten.

49 746 97 785 Ald.
107 750 126 788 1.
143 750 193 786 Bon.
210 763 278 799 quarn.
292 768 318 775 -
331 746 423 796 munita]
438 747 499 784 Vind.
514 750 606 797 minuta,
619 748 669 785 Ver.
684 749 737 786 Ven·
750 750 772 788 in

48 802 119 839 unico·
146 800 175 837 De
187 798 280 836 obsoleta
292 797 367 835 vocula
376 799 430 837 Indu
440 797 481 836 vid.
492 798 520 837 ad
530 800 546 845 Ι,
557 800 589 838 83.

103 852 149 891 108.
166 850 249 904 flectat]
264 851 312 890 Ver.
323 849 374 886 Ven·
381 851 457 902 flectit·
471 872 498 877 —
510 850 610 901 Fortuna]
624 851 685 891 Poor.
695 851 745 891 Brit.
751 851 771 891 2.

48 903 145 946 Natura‚·
159 902 238 954 quode
250 915 270 939 v.
281 900 502 940 romanensium
513 908 550 941 est.

49 1003 65 1040 G
103 954 148 993 111.
176 953 232 1004 Qua]
256 951 314 991 Bodl.
331 951 384 992 Brix.
403 952 449 1001 Ald.
464 954 482 995 1.
504 954 555 992 Bon.
572 957 634 1004 Quae.
647 972 677 984 --
696 952 771 1006 quam]

66 1010 108 1043 ant.
134 1020 168 1044 ua.

102 1020 147 1096 11q3.
174 1059 255 1109 tripode
267 1058 293 1105 e]
306 1056 419 1107 Vulgatam
431 1055 552 1104 lectionem,
565 1057 604 1094 etsi
612 1069 625 1094 a
634 1055 684 1093 solis
694 1055 740 1093 Ald.
751 1056 770 1093 1.

50 1112 71 1144 et
81 1109 131 1145 Bon.
144 1108 311 1158 suppeditatam,
325 1121 375 1145 cum
386 1108 462 1149 Eichst.
476 1114 497 1146 et
509 1107 585 1159 Orellio
597 1107 688 1154 servavi,
705 1105 771 1156 inpri-

50 1158 90 1196 mis
101 1159 128 1197 ob
137 1158 209 1198 locum
218 1159 343 1210 parallelum
353 1158 404 1197 libri
412 1162 441 1209 L,
454 1159 491 1198 uhi
503 1173 522 1201 v.
534 1160 579 1200 739.
591 1166 611 1197 et
620 1157 666 1200 tto.
678 1158 722 1196 iam
734 1157 771 1195 ad·
802 1161 808 1171 ”

48 1210 138 1247 fuerunt
153 1212 221 1249 nostri
234 1211 278 1249 loci
292 1224 325 1249 vv.
334 1212 379 1250 112.
390 1216 411 1247 et
421 1213 477 1258 1134
496 1213 556 1250 Poor.
572 1211 622 1252 Brit.
636 1214 655 1250 1·
670 1213 771 1262 tripodis,-

48 1263 100 1300 Brit.
112 1264 131 1301 2.
142 1266 233 1315 tripode,
247 1263 324 1301 omissa
335 1262 489 1312 praepositione
495 1279 501 1312 3
516 1262 582 1301 ceteri
591 1262 640 1301 libri
651 1274 724 1299 omnes
732 1265 771 1300 tri-

46 1316 101 1366 pode
111 1329 136 1357 a,
150 1314 208 1364 quod
218 1315 278 1353 Wak.
288 1313 374 1362 recepit.

102 1366 147 1404 116.
168 1367 195 1403 W
196 1365 229 1404 ek.
241 1372 289 1403 ante
300 1367 375 1404 eoelum
386 1376 397 1403 e
406 1363 501 1414 plurimis
510 1365 568 1403 libris
578 1364 665 1403 inseruit
673 1376 700 1414 et,
714 1364 771 1416 quod

50 1429 99 1454 cuni
109 1415 186 1455 Eichst.
200 1423 220 1455 et
232 1417 309 1456 Orellio
320 1428 393 1454 rursus
404 1417 475 1467 omisi,
490 1417 550 1456 Vind.
561 1424 581 1455 et
592 1422 650 1457 Cant.
663 1424 769 1468 sequutus.

100 1480 146 1518 117.
173 1480 251 1530 meare]
266 1480 296 1518 sic
310 1480 371 1519 Wal.
386 1481 475 1530 (Eichst.
486 1481 564 1528 orell.)
579 1493 628 1519 cum
638 1482 734 1520 omnihus
744 1481 770 1518 li-

48 1529 103 1578 bris,
118 1538 202 1581 praeter
212 1534 267 1572 Iunt.
280 1538 301 1570 et
313 1532 357 1570 ild.
368 1534 400 1579 2.,
413 1531 448 1569 hic
459 1531 522 1571 etiam
533 1532 630 1584 vulgatae
640 1547 721 1573 manere
733 1545 779 1569 eii-¹

49 1582 142 1632 emplum
152 1591 282 1633 praeeuntes.
298 1584 369 1632 (conf.
381 1583 521 1631 adV1‚1194.,
531 1584 568 1622 ubi
580 1584 654 1622 eadem
664 1584 768 1633 varietas.)

101 1636 145 1673 118·
170 1637 225 1688 par]
239 1636 269 1674 sic
279 1636 325 1673 Pius
337 1634 429 1673 restituit
439 1634 461 1671 in
473 1637 537 1683 Bon,
551 1647 616 1685 quem
625 1648 673 1673 cum
684 1639 737 1674 lunt.
749 1642 771 1673 et

47 1683 94 1724 uid.
105 1687 124 1724 2.
137 1698 209 1724 omnes
221 1687 278 1727 editt.
287 1693 388 1738 sequutae
401 1693 456 1726 sunt.
470 1687 538 1724 Ceteri
549 1687 598 1724 libri
610 1699 682 1725 omnes
695 1702 751 1739 pars.

102 1738 147 1775 121.
174 1741 314 1791 restinguere]
334 1738 393 1779 Bodl.
410 1738 470 1776 Vind.
488 1739 536 1775 Brit.
552 1740 570 1778 1.
583 1740 603 1777 2.
618 1740 638 1779 3,
652 1739 707 1777 Brix.
722 1740 769 1776 Ver.

47 1786 101 1825 Ven.
112 1787 158 1828 Ald.
165 1791 183 1828 1.
194 1792 243 1828 Bon.
252 1794 381 1842 restringere.
400 1789 468 1838 (conf.
480 1789 625 1839 ad111,1057.
636 1796 658 1827 et
666 1791 703 1842 IV,
714 1789 768 1838 874.)

100 1853 146 1892 123.
174 1856 199 1893 ab
217 1856 311 1899 numine]
326 1854 355 1890 sie
373 1856 427 1892 Iunt.
444 1859 466 1890 et
478 1853 564 1902 Aldu,
579 1854 689 1905 aquibus,
703 1866 769 1905 quum

47 1903 135 1953 plurimi
154 1904 204 1943 lihri
223 1907 294 1951 (certe
314 1905 408 1955 reliquae
427 1904 488 1944 editt.
508 1906 572 1956 vett.)
589 1906 769 1956 praepositionem

46 1968 132 2005 prorsus
145 1957 253 2006 omittant,
268 1969 312 1994 non
323 1955 405 1994 recessi.
419 1956 480 1996 Wak.
491 1962 562 2000 tamen
575 1973 588 1995 a
597 1961 684 2004 numine,
696 1957 767 1995 neseio

48 2018 97 2044 cum
108 2007 186 2057 'quihus
200 2007 271 2056 libris3
285 2020 335 2045 nam
352 2010 510 2059 Haveroampo,
525 2008 560 2059 qui
572 2011 647 2047 Veron.
658 2008 711 2047 falso
723 2009 768 2046 lau-
840 2038 841 2042 .

48 2058 95 2107 dat,
110 2059 175 2097 etiam
187 2060 257 2110 quoad
268 2060 332 2110 Lugd.
343 2062 361 2099 1.
370 2062 388 2098 2.
402 2072 477 2109 parum
492 2059 542 2097 fidei
557 2060 699 2098 tribuendum.
726 2060 768 2098 Mi-

47 2121 96 2147 rum
105 2117 182 2157 autem,
197 2111 257 2150 Wak.
268 2111 336 2161 ipsum
346 2111 402 2148 infra
413 2123 432 2149 v.
444 2111 489 2150 150.
502 2113 526 2149 ab
538 2116 625 2158 nostris,
636 2118 709 2162 utpote
722 2124 768 2150 ma-

47 2161 78 2212 gis
90 2163 250 2212 Lucretianum,
265 2162 401 2211 preetulisse3
415 2162 452 2200 ubi
466 2162 527 2211 plura
538 2162 632 2203 diximus.
646 2180 672 2191 ’-
686 2160 768 2203 numini

47 2213 136 2262 distent]
151 2215 202 2255 Brit.
214 2216 234 2254 3.
246 2217 326 2253 nurnine
335 2217 425 2263 luerent,
440 2215 488 2253 Ver.
499 2214 550 2253 Ven.
563 2218 626 2255 animi
639 2217 722 2256 Instent.
741 2216 768 2253 In

46 2263 106 2303 vind.
116 2264 169 2303 haec
181 2267 245 2304 verba
258 2265 343 2304 omnino
354 2266 434 2302 desunt.

99 2313 144 2355 12-1.
171 2334 222 2369 qrrae
237 2317 289 2367 sint]
305 2317 335 2354 sie
351 2316 410 2356 Wak.
429 2328 478 2354 cum
490 2316 586 2355 omnibus
596 2317 669 2366 libris,
683 2325 767 2368 praeter

45 2367 112 2415 Brun,
128 2379 176 2405 cum
185 2369 226 2406 levi
235 2369 336 2407 varietate
346 2380 456 2422 quaesunt
466 2369 615 2419 praebentem
628 2369 724 2421 vulgares
735 2376 766 2409 ta·

45 2433 93 2459 nien
106 2419 163 2465 editt.
174 2423 205 2459 sie
215 2433 269 2459 sunt.

97 2474 141 2513 126.
172 2473 239 2521 Quid]
251 2474 312 2512 Poor.
322 2472 371 2511 Brit.
384 2472 402 2511 1.
415 2470 468 2512 Brix.
483 2474 560 2521 Quidve
565 2488 572 2518 2·
586 2472 687 2512 nimirum
697 2478 766 2513 metro
