1690 2654
85 45 99 76 u
132 22 135 26 ’
278 28 391 88 cautis
408 28 613 85 constectus

88 147 151 193 nizam
155 145 232 208 fidem
244 146 363 196 recensiti.
380 145 653 196 Accoariaclectiones.
671 145 754 209 Lond,
768 163 804 212 ap.

91 211 272 270 Toozson,1712.
288 210 331 256 fol.
344 213 368 255 et
379 213 401 258 4.
412 208 459 273 ²⁰)
471 223 475 225 ’
639 258 642 260 ,

96 296 100 331 j
151 278 189 323 14.
219 299 252 308 -
268 272 299 319 de
312 288 361 328 rer,
376 279 424 320 nat.
440 276 461 320 ll.
481 274 521 321 VI.
555 273 613 321 Cam
627 277 690 326 notis
705 278 805 339 integris

89 338 160 383 Dion.
174 335 296 395 Lambini,
315 337 356 384 Ob.
369 338 469 395 Gisanii,
489 339 545 384 Tan.
556 339 637 396 Fabri,
656 340 696 387 aa.
711 340 805 401 Crescit,

89 408 113 448 et
129 402 222 448 selectis
239 401 275 447 lo.
293 401 364 463 Bapt.
381 401 423 447 Pii
437 404 594 465 aliornmqne,
611 410 709 450 carente
726 404 805 466 Sigei.

87 464 117 511 H
119 479 313 527 coercompo,
329 467 371 527 qni
384 471 408 511 et
422 482 478 513 snos
489 473 517 513 et
532 467 621 513 Abralt.
632 467 744 529 Preigeri
753 467 805 514 Aa·

86 535 146 576 nott.
166 529 260 576 adiecit.
292 529 351 575 Aoo.
370 530 535 592 interpretatio
553 531 594 577 tn.
616 531 718 590 areeri,
740 546 804 578 carr.

88 595 150 640 lectt.
161 598 185 640 et
194 594 291 639 indices.
309 592 387 654 Lngcl.
398 594 462 654 Bat,
476 611 512 656 ap.
524 595 544 641 I.
555 608 601 640 can
612 595 656 641 aer
666 597 717 652 Ao,
735 598 804 645 1725.

88 663 111 708 4.
127 658 159 703 ΙΙ
169 657 193 703 V
190 658 226 704 oll.
240 660 309 718 cjig.
322 656 368 721 21).
757 673 759 676 ·

152 723 190 771 15.
224 746 257 756 -
273 721 303 766 cle
318 735 366 765 rer.
378 727 427 765 nat.
438 721 459 766 ll.
475 720 514 773 VI.
526 722 559 767 acl
571 725 669 784 optimas
680 721 746 768 editt.
759 722 805 767 col-

88 785 141 831 lati.
173 785 231 831 Aca.
242 785 345 830 carietes
359 784 464 829 lectionis
474 800 495 830 c.
506 786 583 832 indice
593 788 694 832 rarioris
702 786 728 831 'et
739 786 804 831 obso-

89 851 151 895 letae
160 849 292 894 latinitatis.
308 847 413 908 Biponti,
428 852 498 896 last.
514 854 536 897 8.
548 851 600 895 mai.
618 849 681 915 (Ed.
693 842 815 908 secanda,

88 912 235 959 emendatior
243 916 266 960 et
278 913 376 957 castior.
395 911 495 971 Angent.
506 916 578 965 laos..
593 917 615 961 8.
626 915 680 960 mai.
690 911 756 976 Ἦ),

153 980 191 1025 16.
222 1001 254 1011 -
271 974 301 1021 de
310 990 358 1021 rer.
370 980 419 1021 nat.
431 976 453 1020 ll.
469 974 509 1021 VI,
520 976 551 1022 nd
564 976 673 1023 Uodicem
690 975 804 1022 Vindobo-

89 1058 241 1070 σιώ-...βυ-

138 1091 181 1140 20)
194 1089 334 1129 Nitidissimam
349 1089 399 1128 hanc
413 1089 528 1139 editionem,
548 1091 568 1130 in
582 1093 672 1131 contexta
689 1091 776 1131 oratioue
792 1105 805 1131 a

89 1143 212 1189 Creechiana
227 1140 261 1181 trix
275 1141 408 1188 recedentem,
421 1154 459 1180 non
474 1143 511 1181 nisi
527 1155 579 1183 tarr.
588 1144 642 1186 lectt.
655 1156 713 1182 causa
723 1156 804 1182 comule-

88 1207 149 1241 moro,
163 1192 212 1245 quas
226 1206 250 1231 ex
260 1193 322 1231 tribus
337 1193 377 1243 (ἓ)
392 1193 453 1232 Codd.
463 1194 570 1242 Vossianis,
581 1195 717 1245 Gottorpiensi
725 1199 746 1234 et
755 1200 803 1233 vett.

89 1246 144 1286 editt.
156 1246 196 1287 sine
206 1244 257 1283 iusto
270 1245 347 1283 delectu
359 1245 478 1296 exscriptae,
493 1250 514 1285 et
525 1247 640 1287 coniecturis
653 1247 764 1297 quibusdam
774 1246 804 1285 vi-

88 1310 153 1337 rorum
167 1297 276 1344 doctorum,
290 1310 309 1336 v.
321 1310 338 1335 c.
349 1296 390 1335 Iac.-
400 1296 460 1344 Susii,
475 1298 551 1338 Theod.
564 1298 672 1346 Munckeri,
685 1298 731 1338 Nic.
742 1297 803 1337 Hein-

90 1348 126 1397 sii,
138 1363 162 1388 ex
174 1361 239 1387 eorum
253 1350 326 1387 annctt.
337 1349 475 1398 marginalibus
487 1350 567 1401 petitis,
580 1351 651 1388 mixtae
662 1355 713 1388 sunt.
797 1348 798 1351 ’

140 1401 181 1452 21)
196 1399 287 1445 Continet
299 1401 347 1438 haec
361 1401 421 1439 editio
437 1401 591 1451 splendidissima
603 1401 695 1448 omnium,
709 1414 759 1452 quae
770 1414 804 1439 us-

89 1465 127 1505 que
139 1452 164 1491 ad
175 1451 306 1503 Havercampi
320 1457 408 1502 tempora
418 1452 456 1492 viii
465 1452 518 1491 docti
527 1453 646 1503 scripserunt
658 1451 684 1491 ad
692 1452 804 1492 Lucretium

89 1505 120 1544 vel
130 1503 268 1543 emendandum
276 1503 309 1547 vel
318 1504 451 1554 explicandum
463 1506 577 1565 spectantia,
590 1506 632 1543 fere
641 1504 741 1555 integram,
749 1504 804 1543 ideo-

17 1601 20 1604 ,
89 1569 127 1608 que
140 1555 265 1603 utilissimam,
282 1555 425 1603 collectionem,
439 1568 470 1594 cui
480 1569 530 1595 nova
544 1559 666 1595 accesserunt
676 1556 762 1595 varietas
775 1556 804 1594 le-

90 1608 159 1647 ctionis
172 1620 184 1645 e
196 1607 258 1645 Ccdd.
270 1606 376 1657 nonnullis,
390 1613 447 1646 autea
458 1608 540 1646 nondum
551 1607 638 1653 collatis,
651 1607 738 1659 inprimis
749 1609 803 1646 utros

89 1673 129 1711 que
137 1658 243 1705 Vossiano,
256 1662 276 1696 et
287 1658 342 1696 editt
352 1658 436 1709 antiquis
445 1659 554 1709 exscripta,
568 1660 594 1700 Is.
604 1659 669 1697 Vossii
682 1658 804 1697 coniecturae

89 1717 111 1751 'et
119 1709 293 1756 annotatiunculae,
300 1713 341 1747 tum
352 1710 434 1762 primum
445 1711 553 1762 evulgatae,
562 1716 581 1748 et
591 1710 733 1759 AhmPreigeri
744 1710 803 1749 anim-

90 1762 214 1802 aduersiones
230 1761 358 1800 doctissimae.
384 1762 448 1813 ipsius
462 1775 509 1800 vero
525 1761 656 1811 Havercampi
666 1762 686 1800 in
695 1761 803 1800 Lucretium

90 1814 170 1861 merita,
188 1813 205 1850 si
217 1827 228 1852 a
239 1812 339 1862 diligentia
349 1813 370 1852 in
380 1813 515 1864 conquirendis
527 1819 547 1852 et
558 1813 667 1864 digerendis
678 1812 758 1852 aliorum
770 1825 804 1851 co-

90 1866 128 1918 piis
141 1865 255 1911 recesseris,
269 1865 368 1903 admodum
376 1865 446 1915 engua
455 1869 508 1911 sunt,
523 1865 595 1916 quippe
605 1864 667 1915 quiin
677 1875 746 1913 magna
757 1865 803 1902 sub-

91 1917 183 1956 sidiorum
195 1917 306 1955 criticorum
319 1916 418 1955 affluentia
431 1929 470 1956 uon
480 1916 517 1954 nisi
527 1916 647 1967 paucissimis
658 1915 705 1954 locis
716 1915 804 1954 Lambini

89 1969 219 2009 recensionem
225 1967 340 2014 deseruerit,
349 1972 369 2006 et
377 1981 421 2007 raro
430 1973 503 2007 tantum
512 1969 583 2006 breves
591 1966 668 2005 notulas
677 1967 802 2017 adsperserit.

142 2020 182 2070 22)
195 2020 218 2058 ln
227 2018 333 2069 Bipontiua
341 2019 402 2070 priori
412 2022 491 2070 praeter
501 2017 619 2065 contextum,
632 2031 643 2056 e
653 2018 737 2068 vulgatis
748 2018 803 2056 editt.

91 2072 214 2122 descriptum,
226 2070 301 2109 irmenis
310 2070 398 2109 Lucretii
408 2071 467 2109 vitam
476 2070 568 2109 Lambiuo
580 2073 668 2116 auctore,
682 2070 769 2108 notitiam
779 2069 803 2107 li-

90 2120 181 2164 teratino
195 2136 206 2161 e
218 2122 319 2169 Fabricio,
332 2121 397 2160 varias
410 2121 514 2168 lectiones,
527 2120 627 2159 maximam
638 2123 712 2171 partem
724 2135 747 2159 ex
757 2121 803 2160 edit.

31 2204 33 2206 v
90 2175 160 2222 Loud,
173 2177 195 2212 ut
202 2174 286 2221 videtur,
299 2174 415 2224 deprcmtas,
427 2177 447 2212 et
456 2173 539 2211 indicem
547 2173 626 2211 rarioris
635 2177 655 2211 et
665 2173 762 2212 obsoletae
774 2173 803 2211 la-

90 2226 181 2266 tinitatis.
207 2225 231 2263 ln
240 2225 343 2275 posteriori
354 2238 401 2264 vcro
409 2237 478 2277 „quae
490 2224 662 2263 Wakefieldianam
673 2225 803 2263 recensionem

92 2291 134 2317 cum
148 2276 278 2317 Eichstaedtii
291 2277 428 2317 mutationibus
444 2277 473 2315 ita
487 2276 570 2327 repetit,
584 2280 605 2314 nt
620 2276 653 2315 vix
665 2289 702 2316 uno
717 2276 804 2315 alterove

90 2332 134 2369 loco
151 2330 175 2367 ab
190 2329 228 2366 hoc
242 2328 316 2367 editore
328 2329 427 2377 discedat,
440 2329 527 2369 notitiam
538 2327 642 2368 literariam
652 2328 712 2369 habes
722 2332 803 2375 auctam,

90 2381 151 2422 variis
159 2379 273 2421 lectionibus
282 2380 364 2420 cnissis.
