1690 2654
54 86 106 160 133v
272 108 552 152 uuuorurrouus

48 207 78 261 'sn
93 226 116 260 et
129 220 175 261 aliis
189 218 291 259 similibus
306 218 408 272 disputavi
418 219 442 259 in
457 221 540 261 Comm.
551 233 599 261 mea
609 221 635 261 de
645 224 707 265 Lucr.
716 236 736 276 p.
747 224 771 264 71

53 286 80 313 SS·
427 305 430 307 .
828 281 845 315 ,e

85 275 150 365 ³337.
177 324 257 375 exstat]
279 325 338 365 Gott.
355 335 421 373 estur,
436 337 489 377 quae
504 325 611 376 corruptio
627 325 771 365 demonstrare
817 322 840 380 ’ὲ

52 377 147 422 videtur,
161 377 268 427 quomodo
284 384 330 415 orta
345 376 372 414 sit
387 377 451 414 lectio
464 377 703 429 Codd.Lugdd.estut.
729 380 773 417 Te·
818 393 843 429 ‚e

52 441 112 467 mere
128 427 193 479 igitur
207 430 258 468 Hav.
269 427 324 466 hanc
335 429 460 479 scripturam
470 429 579 480 probavit,
592 430 673 480 virgula
683 437 772 481 postest

52 480 145 528 inserta,-
158 479 195 518 sed
209 479 252 517 non
266 480 337 518 addita
351 480 394 518 loci
407 481 436 518 sic
447 480 553 521 constituti
564 478 715 532 explicatione,
730 493 772 533 qua

52 538 125 570 tamen
138 531 174 570 rel
187 532 278 578 manime
288 539 369 583 egeret3
383 543 423 569 nec
433 532 498 584 magis
508 532 622 570 audiendus
635 533 708 582 wat,

53 583 174 624 coniiciens.
200 583 313 635 Vulgarem
325 584 380 621 enim
393 584 472 633 optime
482 583 560 631 habere
572 590 592 622 et
602 584 714 624 infinitivos
724 585 771 623 illos

53 637 137 689 officere
154 641 175 673 et
191 637 281 684 obstare,
304 641 328 673 nt
341 636 471 685 saepissime,
491 635 672 678 substantivorum
683 648 771 675 munere

52 688 126 739 fungi,
139 686 274 739 manifestum
286 692 323 725 est.
504 727 507 730 ,
639 715 640 718 ,

103 740 149 777 339.
175 736 263 786 Restitui
272 737 382 788 vulgarem
391 737 507 775 lectionem
511 748 589 791 posset,
603 750 666 790 quam
675 740 735 780 Wak.
746 750 771 777 ex

51 788 402 828 unoGod.Brit.2.mutareratin
410 801 500 840 possent.
527 793 555 827 Ut
565 790 672 829 enimnon
683 803 771 842 urgeam
791 804 794 807 ·
823 790 845 833 ‘i

52 852 188 879 communem
202 840 302 890 onmium,
313 846 397 891 praeter
406 841 470 891 hunc,
480 841 583 880 librorum
595 855 725 892 consensum,
733 842 770 881 illa
830 839 844 878 ζ’ἶ

50 892 93 931 iam
103 905 142 943 per
151 905 174 932 se
184 899 277 943 spectata
285 898 388 943 praestat,
403 896 600 947 quumquidquam,
614 900 638 931 ut
652 895 770 932 subiectum

51 943 167 982 sententiae
184 951 308 994 acceptum,
323 944 402 994 optime
417 945 542 994 respondeat
557 945 690 983 antecedenti
703 949 770 985 omni-

8 1021 10 1025 ι
51 996 121 1035 buret
130 996 226 1046 sequenti
235 998 292 1035 nulla
301 1012 345 1045 res,
359 1008 397 1045 pro
413 995 535 1034 accusativo,
543 1009 592 1034 vero
604 996 699 1035 absoluto
713 1009 770 1035 sum·

1 1094 3 1097 .
50 1052 98 1085 tum
111 1060 196 1098 prorsus
210 1047 309 1099 langueat
325 1054 346 1084 et
357 1047 461 1096 abundet,
473 1047 569 1098 inprimis
580 1054 627 1099 post
636 1048 701 1087 verba
711 1050 770 1089 nulla

31 1144 33 1148 ¹
52 1102 134 1139 ratione
143 1112 163 1138 v.
173 1100 218 1138 336.
232 1110 359 1150 praegressa.
632 1112 633 1119 ¹
838 1129 844 1150 ,ἶ

103 1148 149 1189 341.
176 1151 302 1203 sublimaque
310 1148 374 1198 coeli]
388 1149 498 1189 Veteribus
508 1150 608 1188 nimirum
619 1150 728 1188 dicebatur
738 1157 769 1189 et·-

50 1200 95 1239 iam
108 1202 217 1250 sublimus,
238 1201 309 1249 (conf.
323 1200 401 1238 Nonius
417 1202 478 1251 vm,
496 1199 528 1240 45.
544 1215 564 1252 p.
579 1203 624 1242 759.
646 1202 710 1240 Gom.
725 1205 768 1240 Ha·
818 1196 844 1245 ζ

50 1265 107 1291 vero.
117 1253 140 1290 in
149 1252 219 1289 indice
234 1253 261 1290 ad
275 1251 357 1289 Sallust.
368 1252 407 1288 sub
419 1251 439 1290 h.
451 1265 469 1292 v.
482 1259 503 1289 et
514 1253 575 1292 Wata
585 1253 641 1291 adh.
652 1254 681 1303 l.)
695 1254 769 1292 utalia

37 1304 116 1341 »etiam
130 1303 233 1341 adiectiva
248 1302 335 1353 perinde
349 1308 408 1340 erant
423 1303 457 1340 vel
467 1303 553 1353 tertiae,
568 1305 601 1341 vel
613 1304 694 1353 primae
706 1311 727 1342 et
737 1318 769 1342 se·

50 1354 131 1394 eundae
145 1354 289 1393 declinationis
303 1357 334 1404 (v.
352 1366 370 1393 c.
383 1355 439 1404 apud
453 1361 548 1393 nostrum
562 1356 591 1404 H,
608 1353 653 1395 845.
666 1358 768 1405 sterilus),
782 1356 784 1358 ’

50 1419 142 1458 quorum
155 1406 216 1457 plura
225 1400 302 1443 'anulii
314 1405 411 1445 Ruddim.
428 1409 475 1444 [nst.
489 1407 527 1446 Gr.
537 1411 551 1445 1.
564 1420 584 1456 p.
596 1404 640 1446 164.
654 1441 657 1452 Ἰ,
668 1408 769 1446 Ceterum
836 1442 844 1455 „2

50 1458 107 1509 quod
122 1471 207 1517 omnem
221 1457 336 1495 formulam
352 1458 439 1497 sublima
454 1459 506 1497 coeli
519 1457 660 1506 attinet‚·vid.
675 1470 728 1510 quae
741 1459 768 1510 ad
821 1480 844 1511 ,4

48 1509 223 1602 v'87345imgiidi
238 1560 288 1599 Brit.
302 1562 322 1599 2.
343 1563 457 1613 quiessent,
481 1560 537 1599 unde
555 1560 627 1606 Wak„
651 1559 669 1598 si
682 1561 767 1612 insuper

48 1617 134 1654 materie
154 1613 259 1656 coniicere
276 1611 363 1663 liceret,
385 1612 504 1649 faciliorem
518 1611 696 1650 constructionem
716 1613 767 1651 oriri
838 1627 844 1634 “

49 1664 107 1705 dixit.
134 1701 135 1704 ,
502 1690 505 1693 >
556 1692 559 1697 .

101 1715 147 1755 350.
169 1715 238 1766 flent]
256 1711 423 1763 Exspectandum
437 1711 488 1760 fuit,
501 1711 642 1751 hancssvocem
650 1714 766 1766 elegantis·
836 1721 838 1723 '

48 1765 101 1804 sime
116 1765 151 1802 hic
165 1765 280 1809 adhibitam
295 1764 362 1814 (conf.
372 1763 444 1807 Wak.)
451 1791 458 1811 ,
472 1776 534 1816 quam
547 1776 558 1801 e
569 1771 618 1805 vett.
630 1764 766 1805 editt.·diser·

47 1824 70 1856 te
79 1817 178 1856 exhibent
188 1817 239 1855 Brix.
249 1819 299 1855 Bon.
309 1815 354 1853 Ald.
367 1816 413 1861 122.
426 1816 492 1864 lunt,
506 1829 518 1853 a
528 1815 617 1853 librariis
626 1817 683 1854 varie
693 1831 765 1855 corru-

46 1876 107 1920 ptum
123 1869 159 1917 iri;
182 1868 248 1920 Lugd.
263 1870 282 1908 1.
297 1870 318 1908 2.
339 1866 395 1905 enim
405 1868 471 1918 fient,
491 1867 547 1907 editt.
562 1868 610 1908 Ver.
627 1869 678 1909 ven.
688 1871 764 1922 fluent,

46 1921 105 1961 Boot.
112 1923 183 1972 fluunt
195 1920 299 1960 exhibent.

99 1973 145 2011 355.
171 1972 264 2021 troncos]
278 1972 308 2008 sic
318 1966 487 2019 οἷρχαῖκῶςθοᾶ.
500 1969 550 2007 Brit.
559 1971 579 2009 Ξ.

53 2043 66 2062 ε
98 2025 145 2063 362.
171 2023 279 2076 corporis]
294 2021 351 2059 idem
367 2021 485 2060 enutrit.
500 2023 520 2060 ἓ.
538 2027 558 2058 et
572 2020 629 2060 editt.
644 2021 698 2062 Brix.
715 2023 763 2063 Ver.

46 2076 99 2116 Ven.
112 2074 158 2112 Ald.
173 2076 192 2114 3.
215 2089 331 2126 corporum,
344 2079 369 2111 ut
381 2086 401 2113 v.
418 2073 464 2112 363.
479 2069 543 2110 Godd.
558 2073 617 2111 Vind.
633 2073 689 2114 Bodl.
705 2073 762 2113 editt.

44 2126 100 2163 Brix.
111 2128 159 2164 Ver.
170 2127 221 2163 Ven.
231 2126 275 2163 Ald.
286 2128 304 2164 1.
316 2127 364 2163 Bon.
374 2130 422 2161 etv.
432 2125 477 2162 367.
493 2123 558 2164 Godd,
573 2124 630 2162 Bodl.
647 2125 703 2162 Brit.r
711 2128 729 2164 1.
743 2132 765 2164 et

48 2176 105 2215 editt.
116 2183 166 2216 vett.
177 2189 249 2215 omnes
259 2181 344 2226 praeter
354 2176 410 2213 Iunt.
437 2175 467 2211 Ob
483 2175 596 2214 meliorum
610 2183 682 2214 tamen
698 2176 764 2215 libro-

46 2230 96 2267 rum
102 2240 238 2275 consensum,
252 2235 301 2267 etv.
313 2228 353 2267 337
362 2232 383 2264 et
393 2223 438 2265 437.
451 2226 500 2273 (nbi
512 2227 583 2265 eadem
595 2227 701 2265 diversitas
711 2228 763 2266 scri-
830 2229 832 2233 ’

45 2280 135 2331 pturae)
150 2278 237 2316 collatos
252 2279 348 2317 omnibus
356 2277 388 2314 his
397 2277 464 2314 tribus
474 2277 526 2315 locis
537 2278 645 2330 singularis
656 2285 762 2329 praestare

45 2331 142 2378 videtur,
156 2329 192 2366 etsi
205 2331 227 2367 in
242 2330 309 2378 hiatu,
325 2341 388 2379 quem
399 2328 484 2377 pluralis
495 2331 597 2377 efficeret,
612 2330 698 2368 minime
709 2330 761 2370 hae·

45 2382 137 2421 rendum
148 2387 207 2417 esset.
222 2381 298 2430 (Conf.
307 2392 364 2430 quae
373 2380 400 2417 ad
412 2381 439 2427 H,
450 2378 494 2420 466.
508 2382 674 2427 annotabimus.)

98 2430 143 2472 364.
173 2431 253 2480 inanis]
270 2431 321 2470 God.
330 2430 379 2470 Brit.
388 2433 408 2470 2.
418 2433 482 2478 inani,
497 2432 618 2483 quodWak.
628 2432 703 2470 melius
713 2444 762 2469 cen·

45 2490 77 2525 set
87 2484 114 2523 ob
127 2483 287 2535 ambiguitatem
297 2481 394 2534 vulgatae
403 2480 510 2534 lectionis,
525 2493 545 2523 et
555 2486 585 2523 sic
595 2483 695 2534 explicat:
715 2496 760 2521 ma-
