1690 2654
284 32 392 100 nraa'a
422 60 454 100 n.
482 121 484 125 .
519 85 521 88 -

54 168 110 210 Scire
117 170 170 220 licet,
183 170 280 222 quaedam
289 173 331 212 tam
343 172 431 211 constare
443 168 491 210 orba
502 168 574 218 colore,

54 224 120 272 Quam
131 224 173 271 sine
183 225 243 263 odore
255 225 297 262 ullo
308 225 409 273 quaedam,
423 223 525 271 sonituque
532 223 620 260 remota:
655 228 665 252 Γ

55 275 97 312 Nec
105 276 169 313 minus
181 277 232 321 haec
241 275 329 320 animum
341 286 460 324 cognoscere
470 286 527 321 posse
536 272 636 325 sagacem,
678 270 719 313 840

53 326 121 376 Quam
129 339 182 376 quae
190 325 350 374 suntdliisiebus
358 324 436 374 privata
447 324 542 373 notisque.
598 339 599 342 ¹
726 326 728 330 '

79 377 153 419 Sedne
161 378 216 415 forte
222 380 285 427 putes,
297 378 339 415 solo
349 375 434 426 spoliata
443 376 508 413 colore

54 428 142 479 Corpora
152 426 216 478 prima
226 441 319 475 mancre;
333 427 395 466 etiam
404 431 478 465 secreta
489 423 562 475 teporis

54 480 137 519 Suntne
146 480 228 530 frigoris
238 480 316 528 omnino
327 479 425 528 calidique
433 479 524 528 vaporis3

17 542 19 545 ·
53 532 79 570 Et
88 531 232 574 sonitnsterila
240 535 259 569 et
267 530 313 573 suco
325 530 391 569 ieiuna
400 531 503 578 seruatum
677 526 718 571 845

52 583 94 623 Nec
102 583 179 622 ‘iaciunt
189 584 251 635 ullum
261 583 363 633 proprium
371 583 396 621 de
406 594 487 632 corpore
497 580 585 620 odorem.
627 603 630 625 1.

54 635 111 674 Sicut
120 635 229 673 amaracini
238 636 334 674 blandum
344 638 456 683 stactaeque
467 634 565 683 liquorem

53 687 81 724 Et
86 686 146 725 nardi
157 687 233 734 florem,
246 691 314 725 nectar
320 686 354 737 qni
364 686 444 725 naribus
453 687 515 733 halat,

54 738 119 788 Quom
128 739 193 777 facere
203 737 305 790 instituam
319 736 432 787 cumprimis
443 748 537 787 quaerere
546 747 583 785 par
592 736 628 787 est,

47 790 124 842 'Quoad
135 790 183 829 licet
195 803 219 829 ac
229 791 292 840 possis
300 790 393 840 reperire,
404 789 496 840 inolentis
506 788 557 827 olivi
581 832 583 836 ,
629 840 631 842 q
658 786 717 830 .de

52 842 154 885 Naturam.
168 843 243 884 nullam
252 855 302 891 quae
312 842 379 880 mittat
387 840 468 879 naribus
476 851 560 885 auram3

53 894 120 941 Quam
126 893 214 932 minume
224 896 247 931 ut
257 893 317 942 possit
326 893 397 940 mixtos
408 890 520 942 incorpore
532 889 602 931 odores
616 912 618 917 ·

54 945 198 995 Concoctnsque
210 957 246 984 suo
259 948 356 983 contactos
367 944 448 994 perdere
457 944 508 983 viro.

31 1008 36 1015 ‘¹
78 997 186 1046 Propterea
196 997 274 1035 tandem
282 997 353 1034 debent
360 995 468 1044 primordia
477 1003 545 1033 rernm

52 1045 97 1085 Non
107 1049 202 1086 adhibere
211 1048 268 1085 sunm
279 1046 385 1098 gignundis
394 1047 453 1084 rebus
466 1047 554 1093 odorem,
677 1046 717 1088 855

52 1097 94 1137 Nee
102 1099 199 1149 sonitum}
212 1098 304 1148 qnoniam
313 1098 366 1136 nihil
376 1099 403 1139 ab
415 1110 435 1136 se
445 1098 524 1137 mittere
533 1099 621 1147 possunt,

52 1149 94 1188 Nec
101 1150 168 1189 ,simili
177 1150 254 1196 ratione
262 1163 352 1200 saporem
365 1149 447 1198 deniqne
457 1153 593 1199 quemquam·

52 1200 93 1240 Nec
100 1201 171 1255 frigus,
184 1214 247 1252 neque
255 1201 304 1240 item
312 1201 398 1239 calidum
408 1200 534 1251 tepidumque
544 1213 645 1250 vaporem.

25 1273 28 1277 ·
53 1253 130 1300 Cetera,
142 1267 193 1303 quae
199 1267 259 1303 quom
264 1253 340 1293 itasunt
346 1258 417 1300 tamen,
426 1255 449 1290 ut
454 1252 547 1291 mortalia
558 1256 651 1303 constent,

50 1304 113 1343 ‘Molli
123 1306 182 1353 lenta,
196 1306 278 1354 fragosa
285 1304 344 1353 putri,
353 1316 407 1343 vcarra
419 1316 500 1354 corpore
510 1316 564 1352 raro,
639 1306 641 1309 ’
675 1306 716 1347 860

54 1354 126 1395 Omnia
134 1356 173 1395 sint
181 1368 194 1395 a
205 1355 305 1406 principiis
313 1356 403 1394 ¹seiuncta
411 1357 489 1400 necesse
499 1359 540 1403 est;

36 1407 39 1410 ”
53 1407 176 1447 immortalia
188 1409 205 1447 si
213 1410 308 1449 ¹volumus
320 1408 438 1458 subiungere
448 1409 506 1446 rebus

54 1459 196 1507 Fundamenta,
209 1460 280 1508 quibus
290 1460 362 1506 nitatur
370 1471 447 1497 summa
458 1458 537 1497 salutis:
583 1471 584 1474 ¹

52 1508 82 1550 Ne
92 1510 129 1549 tibi
141 1523 174 1550 res
184 1512 264 1550 redeant
274 1511 300 1549 ad
308 1511 369 1549 nilum
376 1510 466 1548 funditus
476 1521 550 1557 omnes.
676 1546 682 1554 ,

78 1562 134 1601 Nunc
141 1574 177 1609 ea„
184 1558 510 1613 quaesentireviilemnsqnomque,
519 1572 597 1602 neceam
606 1565 651 1615 est·
674 1562 715 1605 865

51 1613 82 1652 nx
91 1614 215 1653 insensilibus
222 1616 287 1653 tamen
299 1614 365 1653 omnia
377 1614 481 1652 confiteare
541 1620 543 1624 '

52 1665 157 1715 Principiis
162 1670 260 1705 constare:
273 1679 335 1716 noque
343 1666 364 1710 id
372 1665 477 1705 manifesta
483 1663 577 1715 refutant,

53 1716 94 1755 Nec
103 1721 272 1769 contrapugnant,
285 1718 307 1757 in
317 1721 396 1767 promtu
406 1718 485 1768 cognita
491 1729 542 1767 qnae
550 1719 607 1766 sunt;
651 1732 652 1735 ¹

53 1767 92 1807 Sed
102 1769 167 1820 magis
178 1770 221 1819 ipsa
232 1782 292 1808 mann
303 1770 376 1808 ducunt
384 1773 403 1808 et
413 1769 581 1820 crederemgnnt,

20 1839 24 1843 1
52 1820 84 1857 Ex
93 1820 222 1869 insensilibus,
235 1822 287 1873 quod
295 1821 346 1870 dico,
359 1818 453 1860 animalia
461 1820 545 1872 gigni·
674 1821 715 1862 87⁰

42 1917 44 1920 Α
79 1871 156 1922 Quippe
165 1873 233 1911 videre
241 1872 295 1921 licet,
306 1873 363 1912 rinos
372 1872 463 1921 exsistere
470 1870 560 1912 vermeisl
600 1885 603 1889 ’

52 1920 143 1963 Stercore
153 1924 177 1963 de
187 1928 244 1972 tetro,
257 1929 348 1973 putorem
357 1936 417 1974 quom
427 1923 466 1962 sibi
475 1927 533 1971 nacta
543 1925 582 1964 est,
595 1949 597 1953 ,

52 1973 194 2025 Intempestivis
204 1989 227 2015 ex
237 1976 334 2015 imbribus
342 1975 425 2014 humida
435 1975 503 2023 tenua

53 2024 159 2066 Praeterea
170 2032 249 2067 cunctas
257 2028 329 2074 itidem
335 2031 452 2073 re‘srorterc
459 2040 507 2065 sese.

53 2075 137 2129 Vortunt
146 2079 272 2118 seflnvieiin
280 2079 374 2128 frundcis,
393 2083 413 2117 et
422 2079 495 2128 pabula
507 2078 561 2120 laeta
602 2122 605 2126 p
630 2103 633 2107 ·
675 2077 715 2121 875

52 2126 366 2182 ῙῐιῬθῡυᾶθεςκνοτῑῑιιιιιρόουᾱθε
373 2130 394 2168 in
403 2142 484 2179 corpora
493 2133 562 2168 nostra

46 2177 158 2229 'Naturam
172 2186 193 2222 et
201 2186 267 2222 nostro
279 2184 303 2222 dc
311 2194 392 2232 corpore
403 2193 461 2230 saepe
469 2182 558 2220 ferarum

52 2229 166 2284 Angescnnt
175 2235 227 2273 m'res
236 2238 256 2273 et
262 2246 349 2284 ⁴cmpora
360 2232 541 2283 pennipotentum

52 2281 107 2331 Ergo
119 2285 192 2331 omneis
200 2290 271 2325 natura
282 2287 336 2328 cibos
346 2284 367 2323 in
377 2296 462 2334 corpora
472 2283 526 2323 viva
578 2312 583 2320 .
598 2326 600 2329 .

16 2338 19 2344 '
52 2331 123 2387 ljfflfii,
136 2339 156 2372 et
164 2337 210 2375 hinc
219 2335 285 2376 sensns
294 2337 414 2389 anbnantnm
424 2334 515 2386 procreat
524 2333 612 2385 omneis3
673 2334 713 2377 88⁰

53 2382 97 2420 non
106 2385 147 2422 alia
156 2387 216 2437 longe
224 2389 307 2437 ratione,
320 2387 382 2438 atque
391 2387 448 2426 arida
459 2388 515 2439 ligna
550 2417 551 2420 η
601 2413 602 2416 =
634 2407 636 2409 v

54 2433 146 2484 Explicat
152 2437 177 2486 in
187 2439 277 2482 flammas
282 2469 291 2489 ‚,
305 2445 326 2480 et
335 2440 357 2479 in
367 2439 431 2491 igneis
441 2439 507 2480 onmia
517 2440 590 2480 rorsat.
