<?xml version="1.0" encoding="UTF-8"?>
<!DOCTYPE html PUBLIC "-//W3C//DTD XHTML 1.0 Transitional//EN"
    "http://www.w3.org/TR/xhtml1/DTD/xhtml1-transitional.dtd">
<html xmlns="http://www.w3.org/1999/xhtml" xml:lang="en" lang="en">
 <head>
  <title>
</title>
<meta http-equiv="Content-Type" content="text/html;charset=utf-8" />
  <meta name='ocr-system' content='tesseract 3.04.00' />
  <meta name='ocr-capabilities' content='ocr_page ocr_carea ocr_par ocr_line ocrx_word'/>
</head>
<body>
  <div class='ocr_page' id='page_1' title='image "./MN40048ucmf_3_0562.png"; bbox 0 0 1690 2654; ppageno 0'>
   <div class='ocr_carea' id='block_1_1' title="bbox 74 85 597 133">
    <p class='ocr_par' dir='ltr' id='par_1_1' title="bbox 74 85 597 133">
     <span class='ocr_line' id='line_1_1' title="bbox 74 85 597 133; baseline -0.01 0"><span class='ocrx_word' id='word_1_1' title='bbox 74 87 123 133; x_wconf 78' lang='lat'><strong>468</strong></span> <span class='ocrx_word' id='word_1_2' title='bbox 257 124 259 127; x_wconf 94' lang='lat'>.</span> <span class='ocrx_word' id='word_1_3' title='bbox 297 85 568 129; x_wconf 75' lang='lat' dir='ltr'><strong>ANNOTATIONES</strong></span> <span class='ocrx_word' id='word_1_4' title='bbox 596 96 597 99; x_wconf 74' lang='grc'>’</span> 
     </span>
    </p>
   </div>
   <div class='ocr_carea' id='block_1_2' title="bbox 71 194 824 1646">
    <p class='ocr_par' dir='ltr' id='par_1_2' title="bbox 71 194 824 1646">
     <span class='ocr_line' id='line_1_2' title="bbox 128 194 792 247; baseline -0.005 -11"><span class='ocrx_word' id='word_1_5' title='bbox 128 194 185 236; x_wconf 76' lang='lat'><strong>1441.</strong></span> <span class='ocrx_word' id='word_1_6' title='bbox 211 196 316 247; x_wconf 75' lang='lat' dir='ltr'><em>velivolis]</em></span> <span class='ocrx_word' id='word_1_7' title='bbox 338 197 369 235; x_wconf 79' lang='lat' dir='ltr'><strong>sic</strong></span> <span class='ocrx_word' id='word_1_8' title='bbox 387 196 448 236; x_wconf 85' lang='lat' dir='ltr'><strong>Wak.</strong></span> <span class='ocrx_word' id='word_1_9' title='bbox 465 203 523 235; x_wconf 91' lang='lat' dir='ltr'><strong>recte</strong></span> <span class='ocrx_word' id='word_1_10' title='bbox 541 195 628 235; x_wconf 81' lang='lat' dir='ltr'>edidisse</span> <span class='ocrx_word' id='word_1_11' title='bbox 644 196 728 235; x_wconf 84' lang='lat' dir='ltr'><strong>videtur</strong></span> <span class='ocrx_word' id='word_1_12' title='bbox 743 208 792 233; x_wconf 89' lang='lat' dir='ltr'><strong>cum</strong></span> 
     </span>
     <span class='ocr_line' id='line_1_3' title="bbox 75 246 791 299; baseline -0.003 -13"><span class='ocrx_word' id='word_1_13' title='bbox 75 248 171 286; x_wconf 84' lang='lat' dir='ltr'><strong>omnihus</strong></span> <span class='ocrx_word' id='word_1_14' title='bbox 184 246 230 285; x_wconf 82' lang='lat' dir='ltr'><strong>fere</strong></span> <span class='ocrx_word' id='word_1_15' title='bbox 244 249 312 294; x_wconf 88' lang='lat' dir='ltr'><strong>libris;</strong></span> <span class='ocrx_word' id='word_1_16' title='bbox 326 262 376 286; x_wconf 86' lang='lat' dir='ltr'><strong>nam</strong></span> <span class='ocrx_word' id='word_1_17' title='bbox 390 251 499 299; x_wconf 80' lang='lat' dir='ltr'>vulgatam</span> <span class='ocrx_word' id='word_1_18' title='bbox 509 251 617 287; x_wconf 73' lang='lat' dir='ltr'><em>velivolum</em></span> <span class='ocrx_word' id='word_1_19' title='bbox 627 262 669 285; x_wconf 86' lang='lat' dir='ltr'><strong>non</strong></span> <span class='ocrx_word' id='word_1_20' title='bbox 681 248 720 285; x_wconf 90' lang='lat' dir='ltr'><strong>nisi</strong></span> <span class='ocrx_word' id='word_1_21' title='bbox 730 248 791 284; x_wconf 90' lang='lat' dir='ltr'><strong>Vind.</strong></span> 
     </span>
     <span class='ocr_line' id='line_1_4' title="bbox 74 298 792 350; baseline 0 -12"><span class='ocrx_word' id='word_1_22' title='bbox 74 301 136 338; x_wconf 87' lang='lat' dir='ltr'><strong>Poor.</strong></span> <span class='ocrx_word' id='word_1_23' title='bbox 148 298 204 339; x_wconf 68' lang='lat' dir='ltr'><strong>Iunt2</strong></span> <span class='ocrx_word' id='word_1_24' title='bbox 216 305 236 338; x_wconf 85' lang='lat' dir='ltr'><strong>et</strong></span> <span class='ocrx_word' id='word_1_25' title='bbox 246 299 292 339; x_wconf 85' lang='lat' dir='ltr'><strong>Atd.</strong></span> <span class='ocrx_word' id='word_1_26' title='bbox 304 302 323 340; x_wconf 75' lang='lat'><strong>2.</strong></span> <span class='ocrx_word' id='word_1_27' title='bbox 337 307 434 349; x_wconf 88' lang='lat' dir='ltr'><strong>tuentur,</strong></span> <span class='ocrx_word' id='word_1_28' title='bbox 449 313 511 350; x_wconf 84' lang='lat' dir='ltr'><strong>quarn</strong></span> <span class='ocrx_word' id='word_1_29' title='bbox 521 301 588 338; x_wconf 90' lang='lat' dir='ltr'><strong>miror</strong></span> <span class='ocrx_word' id='word_1_30' title='bbox 598 300 698 337; x_wconf 85' lang='lat' dir='ltr'><strong>Orellium</strong></span> <span class='ocrx_word' id='word_1_31' title='bbox 708 311 792 350; x_wconf 84' lang='lat' dir='ltr'><strong>quoque</strong></span> 
     </span>
     <span class='ocr_line' id='line_1_5' title="bbox 73 350 792 403; baseline 0.003 -14"><span class='ocrx_word' id='word_1_32' title='bbox 73 350 196 398; x_wconf 82' lang='lat' dir='ltr'><strong>retinuisse,</strong></span> <span class='ocrx_word' id='word_1_33' title='bbox 211 351 269 389; x_wconf 89' lang='lat' dir='ltr'><strong>cuius</strong></span> <span class='ocrx_word' id='word_1_34' title='bbox 285 352 413 401; x_wconf 81' lang='lat' dir='ltr'><strong>observatio,</strong></span> <span class='ocrx_word' id='word_1_35' title='bbox 429 352 518 403; x_wconf 81' lang='lat' dir='ltr'><strong>simplex</strong></span> <span class='ocrx_word' id='word_1_36' title='bbox 534 352 678 402; x_wconf 86' lang='lat' dir='ltr'><strong>praedicatum</strong></span> <span class='ocrx_word' id='word_1_37' title='bbox 694 353 792 400; x_wconf 68' lang='lat' dir='ltr'><strong>velivolis,</strong></span> 
     </span>
     <span class='ocr_line' id='line_1_6' title="bbox 73 402 792 452; baseline -0.004 -11"><span class='ocrx_word' id='word_1_38' title='bbox 73 416 117 441; x_wconf 89' lang='lat' dir='ltr'><strong>non</strong></span> <span class='ocrx_word' id='word_1_39' title='bbox 130 402 242 450; x_wconf 87' lang='lat' dir='ltr'><strong>adiuncto,</strong></span> <span class='ocrx_word' id='word_1_40' title='bbox 255 410 279 441; x_wconf 92' lang='lat' dir='ltr'><strong>ut</strong></span> <span class='ocrx_word' id='word_1_41' title='bbox 292 405 360 441; x_wconf 86' lang='lat' dir='ltr'><strong>Latini</strong></span> <span class='ocrx_word' id='word_1_42' title='bbox 373 405 464 451; x_wconf 81' lang='lat' dir='ltr'><strong>soleant,</strong></span> <span class='ocrx_word' id='word_1_43' title='bbox 478 405 606 441; x_wconf 87' lang='lat' dir='ltr'><strong>substantivo</strong></span> <span class='ocrx_word' id='word_1_44' title='bbox 623 408 629 450; x_wconf 72' lang='lat' dir='ltr'><strong>l</strong></span> <span class='ocrx_word' id='word_1_45' title='bbox 636 417 655 442; x_wconf 87' lang='lat' dir='ltr'><strong>v.</strong></span> <span class='ocrx_word' id='word_1_46' title='bbox 668 417 686 442; x_wconf 85' lang='lat' dir='ltr'><strong>c.</strong></span> <span class='ocrx_word' id='word_1_47' title='bbox 698 403 792 452; x_wconf 85' lang='lat' dir='ltr'><strong>navibus,</strong></span> 
     </span>
     <span class='ocr_line' id='line_1_7' title="bbox 73 454 792 505; baseline 0 -13"><span class='ocrx_word' id='word_1_48' title='bbox 73 455 175 501; x_wconf 81' lang='lat' dir='ltr'><strong>ratibus),</strong></span> <span class='ocrx_word' id='word_1_49' title='bbox 187 454 241 493; x_wconf 84' lang='lat' dir='ltr'><strong>ferri</strong></span> <span class='ocrx_word' id='word_1_50' title='bbox 250 469 292 493; x_wconf 90' lang='lat' dir='ltr'><strong>non</strong></span> <span class='ocrx_word' id='word_1_51' title='bbox 302 470 369 505; x_wconf 87' lang='lat' dir='ltr'><strong>posse,</strong></span> <span class='ocrx_word' id='word_1_52' title='bbox 383 470 425 494; x_wconf 90' lang='lat' dir='ltr'><strong>non</strong></span> <span class='ocrx_word' id='word_1_53' title='bbox 435 455 521 494; x_wconf 90' lang='lat' dir='ltr'><strong>omnino</strong></span> <span class='ocrx_word' id='word_1_54' title='bbox 531 470 581 494; x_wconf 88' lang='lat' dir='ltr'><strong>vera</strong></span> <span class='ocrx_word' id='word_1_55' title='bbox 590 455 678 493; x_wconf 86' lang='lat' dir='ltr'><strong>videtur.</strong></span> <span class='ocrx_word' id='word_1_56' title='bbox 698 456 764 492; x_wconf 91' lang='lat' dir='ltr'><strong>Porro</strong></span> <span class='ocrx_word' id='word_1_57' title='bbox 775 455 792 492; x_wconf 90' lang='lat' dir='ltr'><strong>si</strong></span> 
     </span>
     <span class='ocr_line' id='line_1_8' title="bbox 75 506 793 558; baseline -0.001 -14"><span class='ocrx_word' id='word_1_58' title='bbox 75 506 137 545; x_wconf 88' lang='lat' dir='ltr'><strong>Orell.</strong></span> <span class='ocrx_word' id='word_1_59' title='bbox 148 506 210 545; x_wconf 87' lang='lat' dir='ltr'><strong>dicit:</strong></span> <span class='ocrx_word' id='word_1_60' title='bbox 224 509 300 555; x_wconf 84' lang='lat' dir='ltr'><strong>„Hanc</strong></span> <span class='ocrx_word' id='word_1_61' title='bbox 312 514 382 546; x_wconf 87' lang='lat' dir='ltr'><strong>antem</strong></span> <span class='ocrx_word' id='word_1_62' title='bbox 392 508 504 546; x_wconf 85' lang='lat' dir='ltr'><strong>lectionem</strong></span> <span class='ocrx_word' id='word_1_63' title='bbox 519 509 654 558; x_wconf 75' lang='lat' dir='ltr'><strong>(velivolum)</strong></span> <span class='ocrx_word' id='word_1_64' title='bbox 668 513 691 545; x_wconf 89' lang='lat' dir='ltr'><strong>ut</strong></span> <span class='ocrx_word' id='word_1_65' title='bbox 703 519 793 556; x_wconf 88' lang='lat' dir='ltr'><strong>repone-</strong></span> 
     </span>
     <span class='ocr_line' id='line_1_9' title="bbox 73 557 791 612; baseline 0.003 -17"><span class='ocrx_word' id='word_1_66' title='bbox 73 571 127 606; x_wconf 75' lang='lat' dir='ltr'><strong>rem,</strong></span> <span class='ocrx_word' id='word_1_67' title='bbox 140 558 162 595; x_wconf 88' lang='lat' dir='ltr'><strong>in</strong></span> <span class='ocrx_word' id='word_1_68' title='bbox 172 572 234 597; x_wconf 87' lang='lat' dir='ltr'><strong>causa</strong></span> <span class='ocrx_word' id='word_1_69' title='bbox 242 560 284 597; x_wconf 88' lang='lat' dir='ltr'><strong>fuit</strong></span> <span class='ocrx_word' id='word_1_70' title='bbox 293 560 397 612; x_wconf 78' lang='lat' dir='ltr'><strong>Virgilius,</strong></span> <span class='ocrx_word' id='word_1_71' title='bbox 411 559 469 598; x_wconf 87' lang='lat' dir='ltr'><strong>cuius</strong></span> <span class='ocrx_word' id='word_1_72' title='bbox 479 573 535 599; x_wconf 81' lang='lat' dir='ltr'><strong>mare</strong></span> <span class='ocrx_word' id='word_1_73' title='bbox 544 561 651 599; x_wconf 72' lang='lat' dir='ltr'><strong>velivolum</strong></span> <span class='ocrx_word' id='word_1_74' title='bbox 660 562 709 596; x_wconf 84' lang='lat' dir='ltr'><strong>Aen.</strong></span> <span class='ocrx_word' id='word_1_75' title='bbox 719 561 735 605; x_wconf 86' lang='lat' dir='ltr'><strong>I,</strong></span> <span class='ocrx_word' id='word_1_76' title='bbox 746 557 791 598; x_wconf 71' lang='lat'><strong>224.</strong></span> 
     </span>
     <span class='ocr_line' id='line_1_10' title="bbox 74 610 793 662; baseline -0.003 -14"><span class='ocrx_word' id='word_1_77' title='bbox 74 611 124 648; x_wconf 84' lang='lat' dir='ltr'><strong>hinc</strong></span> <span class='ocrx_word' id='word_1_78' title='bbox 135 611 215 661; x_wconf 86' lang='lat' dir='ltr'><strong>potius,</strong></span> <span class='ocrx_word' id='word_1_79' title='bbox 230 625 294 662; x_wconf 83' lang='lat' dir='ltr'><strong>quarn</strong></span> <span class='ocrx_word' id='word_1_80' title='bbox 305 613 420 649; x_wconf 86' lang='lat' dir='ltr'><strong>secundum</strong></span> <span class='ocrx_word' id='word_1_81' title='bbox 430 613 522 648; x_wconf 83' lang='lat' dir='ltr'><strong>Macrob.</strong></span> <span class='ocrx_word' id='word_1_82' title='bbox 535 615 575 648; x_wconf 88' lang='lat' dir='ltr'><strong>Sat.</strong></span> <span class='ocrx_word' id='word_1_83' title='bbox 588 613 612 659; x_wconf 83' lang='lat' dir='ltr'><strong>V,</strong></span> <span class='ocrx_word' id='word_1_84' title='bbox 624 614 641 650; x_wconf 84' lang='lat'><strong>6.</strong></span> <span class='ocrx_word' id='word_1_85' title='bbox 656 624 680 648; x_wconf 82' lang='lat' dir='ltr'><strong>ex</strong></span> <span class='ocrx_word' id='word_1_86' title='bbox 689 610 742 648; x_wconf 86' lang='lat' dir='ltr'><strong>Livii</strong></span> <span class='ocrx_word' id='word_1_87' title='bbox 753 613 793 647; x_wconf 89' lang='lat' dir='ltr'><strong>He·</strong></span> 
     </span>
     <span class='ocr_line' id='line_1_11' title="bbox 74 662 792 713; baseline 0 -13"><span class='ocrx_word' id='word_1_88' title='bbox 74 663 124 700; x_wconf 91' lang='lat' dir='ltr'><strong>lena</strong></span> <span class='ocrx_word' id='word_1_89' title='bbox 138 662 186 712; x_wconf 86' lang='lat' dir='ltr'><strong>[ubi</strong></span> <span class='ocrx_word' id='word_1_90' title='bbox 196 668 262 702; x_wconf 79' lang='lat' dir='ltr'><strong>mario</strong></span> <span class='ocrx_word' id='word_1_91' title='bbox 274 664 321 701; x_wconf 80' lang='lat' dir='ltr'><strong>olba</strong></span> <span class='ocrx_word' id='word_1_92' title='bbox 332 666 419 701; x_wconf 67' lang='lat' dir='ltr'><strong>velivolo</strong></span> <span class='ocrx_word' id='word_1_93' title='bbox 428 663 551 713; x_wconf 83' lang='lat' dir='ltr'><strong>legebatur]</strong></span> <span class='ocrx_word' id='word_1_94' title='bbox 566 662 652 699; x_wconf 90' lang='lat' dir='ltr'><strong>ductum</strong></span> <span class='ocrx_word' id='word_1_95' title='bbox 668 669 729 711; x_wconf 91' lang='lat' dir='ltr'><strong>puto:</strong></span> <span class='ocrx_word' id='word_1_96' title='bbox 743 675 792 700; x_wconf 90' lang='lat' dir='ltr'><strong>nam</strong></span> 
     </span>
     <span class='ocr_line' id='line_1_12' title="bbox 74 713 791 766; baseline 0 -14"><span class='ocrx_word' id='word_1_97' title='bbox 74 714 205 766; x_wconf 79' lang='lat' dir='ltr'><strong>tragicorum</strong></span> <span class='ocrx_word' id='word_1_98' title='bbox 220 714 329 752; x_wconf 74' lang='lat' dir='ltr'><strong>audaciam</strong></span> <span class='ocrx_word' id='word_1_99' title='bbox 340 714 362 751; x_wconf 92' lang='lat' dir='ltr'><strong>in</strong></span> <span class='ocrx_word' id='word_1_100' title='bbox 373 714 450 752; x_wconf 87' lang='lat' dir='ltr'><strong>talibus</strong></span> <span class='ocrx_word' id='word_1_101' title='bbox 460 714 538 751; x_wconf 84' lang='lat' dir='ltr'><strong>imitari</strong></span> <span class='ocrx_word' id='word_1_102' title='bbox 553 713 587 752; x_wconf 82' lang='lat' dir='ltr'><strong>vix</strong></span> <span class='ocrx_word' id='word_1_103' title='bbox 602 713 714 751; x_wconf 80' lang='lat' dir='ltr'><strong>sustinebat</strong></span> <span class='ocrx_word' id='word_1_104' title='bbox 732 714 791 752; x_wconf 84' lang='lat' dir='ltr'><strong>casti·</strong></span> 
     </span>
     <span class='ocr_line' id='line_1_13' title="bbox 74 765 792 819; baseline 0.001 -16"><span class='ocrx_word' id='word_1_105' title='bbox 74 766 191 819; x_wconf 79' lang='lat' dir='ltr'><strong>gatissimus</strong></span> <span class='ocrx_word' id='word_1_106' title='bbox 201 766 237 803; x_wconf 88' lang='lat' dir='ltr'><strong>ille</strong></span> <span class='ocrx_word' id='word_1_107' title='bbox 247 767 316 818; x_wconf 80' lang='lat' dir='ltr'><strong>poeta,</strong></span> <span class='ocrx_word' id='word_1_108' title='bbox 330 766 370 803; x_wconf 90' lang='lat' dir='ltr'><strong>nisi</strong></span> <span class='ocrx_word' id='word_1_109' title='bbox 382 767 418 804; x_wconf 89' lang='lat' dir='ltr'><strong>ubi</strong></span> <span class='ocrx_word' id='word_1_110' title='bbox 429 772 536 816; x_wconf 86' lang='lat' dir='ltr'><strong>praeterea</strong></span> <span class='ocrx_word' id='word_1_111' title='bbox 545 766 643 814; x_wconf 82' lang='lat' dir='ltr'><strong>Lucretii,</strong></span> <span class='ocrx_word' id='word_1_112' title='bbox 659 765 743 815; x_wconf 85' lang='lat' dir='ltr'><strong>Catulli,</strong></span> <span class='ocrx_word' id='word_1_113' title='bbox 756 772 792 804; x_wconf 86' lang='lat' dir='ltr'><strong>aut</strong></span> 
     </span>
     <span class='ocr_line' id='line_1_14' title="bbox 75 817 792 868; baseline 0 -13"><span class='ocrx_word' id='word_1_114' title='bbox 75 819 164 868; x_wconf 86' lang='lat' dir='ltr'><strong>denique</strong></span> <span class='ocrx_word' id='word_1_115' title='bbox 177 817 236 867; x_wconf 85' lang='lat' dir='ltr'><strong>Epici</strong></span> <span class='ocrx_word' id='word_1_116' title='bbox 248 818 335 855; x_wconf 88' lang='lat' dir='ltr'><strong>alicuius</strong></span> <span class='ocrx_word' id='word_1_117' title='bbox 346 819 460 855; x_wconf 76' lang='lat' dir='ltr'><strong>auctoritas</strong></span> <span class='ocrx_word' id='word_1_118' title='bbox 471 825 554 867; x_wconf 84' lang='lat' dir='ltr'><strong>praesto</strong></span> <span class='ocrx_word' id='word_1_119' title='bbox 567 826 620 855; x_wconf 82' lang='lat' dir='ltr'><strong>esset</strong></span> <span class='ocrx_word' id='word_1_120' title='bbox 625 819 650 866; x_wconf 81' lang='lat'><strong>;“</strong></span> <span class='ocrx_word' id='word_1_121' title='bbox 663 819 744 866; x_wconf 88' lang='lat' dir='ltr'><strong>fateor,</strong></span> <span class='ocrx_word' id='word_1_122' title='bbox 757 831 792 858; x_wconf 84' lang='lat' dir='ltr'><strong>me</strong></span> 
     </span>
     <span class='ocr_line' id='line_1_15' title="bbox 74 869 792 920; baseline -0.001 -12"><span class='ocrx_word' id='word_1_123' title='bbox 74 870 144 908; x_wconf 88' lang='lat' dir='ltr'><strong>minus</strong></span> <span class='ocrx_word' id='word_1_124' title='bbox 154 869 247 913; x_wconf 84' lang='lat' dir='ltr'><strong>tribuere</strong></span> <span class='ocrx_word' id='word_1_125' title='bbox 260 870 337 915; x_wconf 65' lang='lat' dir='ltr'><strong>oiettii,</strong></span> <span class='ocrx_word' id='word_1_126' title='bbox 352 883 415 920; x_wconf 85' lang='lat' dir='ltr'><strong>quam</strong></span> <span class='ocrx_word' id='word_1_127' title='bbox 425 870 525 907; x_wconf 79' lang='lat' dir='ltr'><strong>Macrobii</strong></span> <span class='ocrx_word' id='word_1_128' title='bbox 536 869 663 917; x_wconf 80' lang='lat' dir='ltr'><strong>auctoritati,</strong></span> <span class='ocrx_word' id='word_1_129' title='bbox 675 870 717 919; x_wconf 84' lang='lat' dir='ltr'><strong>qni,</strong></span> <span class='ocrx_word' id='word_1_130' title='bbox 727 883 792 918; x_wconf 84' lang='lat' dir='ltr'><strong>quum</strong></span> 
     </span>
     <span class='ocr_line' id='line_1_16' title="bbox 75 921 792 972; baseline -0.003 -12"><span class='ocrx_word' id='word_1_131' title='bbox 75 927 108 960; x_wconf 90' lang='lat' dir='ltr'><strong>tot</strong></span> <span class='ocrx_word' id='word_1_132' title='bbox 118 921 210 969; x_wconf 87' lang='lat' dir='ltr'><strong>Lucretii</strong></span> <span class='ocrx_word' id='word_1_133' title='bbox 221 927 242 959; x_wconf 91' lang='lat' dir='ltr'><strong>et</strong></span> <span class='ocrx_word' id='word_1_134' title='bbox 252 921 335 972; x_wconf 77' lang='lat' dir='ltr'><strong>Virgilii</strong></span> <span class='ocrx_word' id='word_1_135' title='bbox 344 922 403 960; x_wconf 88' lang='lat' dir='ltr'><strong>locos</strong></span> <span class='ocrx_word' id='word_1_136' title='bbox 417 922 581 972; x_wconf 83' lang='lat' dir='ltr'><strong>comparaverit,</strong></span> <span class='ocrx_word' id='word_1_137' title='bbox 595 921 630 960; x_wconf 87' lang='lat' dir='ltr'><strong>hie</strong></span> <span class='ocrx_word' id='word_1_138' title='bbox 646 921 710 959; x_wconf 86' lang='lat' dir='ltr'><strong>etiam</strong></span> <span class='ocrx_word' id='word_1_139' title='bbox 724 933 735 958; x_wconf 92' lang='lat' dir='ltr'><strong>e</strong></span> <span class='ocrx_word' id='word_1_140' title='bbox 750 922 792 959; x_wconf 87' lang='lat' dir='ltr'><strong>Lu-</strong></span> 
     </span>
     <span class='ocr_line' id='line_1_17' title="bbox 75 973 824 1024; baseline 0 -12"><span class='ocrx_word' id='word_1_141' title='bbox 75 974 142 1012; x_wconf 85' lang='lat' dir='ltr'><strong>cretio</strong></span> <span class='ocrx_word' id='word_1_142' title='bbox 159 973 239 1023; x_wconf 87' lang='lat' dir='ltr'><strong>potius,</strong></span> <span class='ocrx_word' id='word_1_143' title='bbox 253 986 316 1024; x_wconf 85' lang='lat' dir='ltr'><strong>quam</strong></span> <span class='ocrx_word' id='word_1_144' title='bbox 332 986 343 1011; x_wconf 91' lang='lat' dir='ltr'><strong>e</strong></span> <span class='ocrx_word' id='word_1_145' title='bbox 358 974 416 1011; x_wconf 82' lang='lat' dir='ltr'><strong>Livio</strong></span> <span class='ocrx_word' id='word_1_146' title='bbox 432 975 485 1011; x_wconf 86' lang='lat' dir='ltr'><strong>hano</strong></span> <span class='ocrx_word' id='word_1_147' title='bbox 502 974 616 1011; x_wconf 86' lang='lat' dir='ltr'><strong>dictionem</strong></span> <span class='ocrx_word' id='word_1_148' title='bbox 632 973 761 1021; x_wconf 76' lang='lat' dir='ltr'><strong>deduxisset,</strong></span> <span class='ocrx_word' id='word_1_149' title='bbox 774 973 791 1010; x_wconf 91' lang='lat' dir='ltr'><strong>si</strong></span> <span class='ocrx_word' id='word_1_150' title='bbox 817 1009 824 1012; x_wconf 20' lang='grc'><strong>1,</strong></span> 
     </span>
     <span class='ocr_line' id='line_1_18' title="bbox 75 1025 791 1076; baseline -0.001 -14"><span class='ocrx_word' id='word_1_151' title='bbox 75 1038 124 1062; x_wconf 89' lang='lat' dir='ltr'><strong>vere</strong></span> <span class='ocrx_word' id='word_1_152' title='bbox 134 1025 155 1061; x_wconf 91' lang='lat' dir='ltr'><strong>in</strong></span> <span class='ocrx_word' id='word_1_153' title='bbox 167 1027 229 1074; x_wconf 82' lang='lat' dir='ltr'><strong>po&#39;e&#39;ta</strong></span> <span class='ocrx_word' id='word_1_154' title='bbox 239 1034 310 1062; x_wconf 89' lang='lat' dir='ltr'><strong>nostro</strong></span> <span class='ocrx_word' id='word_1_155' title='bbox 320 1026 392 1062; x_wconf 86' lang='lat' dir='ltr'><strong>locum</strong></span> <span class='ocrx_word' id='word_1_156' title='bbox 400 1027 517 1073; x_wconf 71' lang='lat' dir='ltr'><strong>trabuisset3</strong></span> <span class='ocrx_word' id='word_1_157' title='bbox 534 1038 596 1076; x_wconf 82' lang='lat' dir='ltr'><strong>quem</strong></span> <span class='ocrx_word' id='word_1_158' title='bbox 611 1026 679 1075; x_wconf 87' lang='lat' dir='ltr'><strong>potius</strong></span> <span class='ocrx_word' id='word_1_159' title='bbox 693 1038 716 1062; x_wconf 82' lang='lat' dir='ltr'><strong>en</strong></span> <span class='ocrx_word' id='word_1_160' title='bbox 726 1025 791 1061; x_wconf 88' lang='lat' dir='ltr'><strong>Ennio</strong></span> 
     </span>
     <span class='ocr_line' id='line_1_19' title="bbox 75 1076 791 1127; baseline 0 -12"><span class='ocrx_word' id='word_1_161' title='bbox 75 1089 112 1115; x_wconf 87' lang='lat' dir='ltr'><strong>suo</strong></span> <span class='ocrx_word' id='word_1_162' title='bbox 123 1076 214 1114; x_wconf 85' lang='lat' dir='ltr'><strong>hausisse</strong></span> <span class='ocrx_word' id='word_1_163' title='bbox 226 1084 287 1126; x_wconf 85' lang='lat' dir='ltr'><strong>puto,</strong></span> <span class='ocrx_word' id='word_1_164' title='bbox 302 1077 358 1114; x_wconf 89' lang='lat' dir='ltr'><strong>haud</strong></span> <span class='ocrx_word' id='word_1_165' title='bbox 366 1077 431 1115; x_wconf 90' lang='lat' dir='ltr'><strong>semel</strong></span> <span class='ocrx_word' id='word_1_166' title='bbox 442 1091 503 1115; x_wconf 85' lang='lat' dir='ltr'><strong>naves</strong></span> <span class='ocrx_word' id='word_1_167' title='bbox 513 1078 567 1127; x_wconf 88' lang='lat' dir='ltr'><strong>ipsas</strong></span> <span class='ocrx_word' id='word_1_168' title='bbox 576 1079 675 1116; x_wconf 74' lang='lat' dir='ltr'><strong>aeliu-olus</strong></span> <span class='ocrx_word' id='word_1_169' title='bbox 685 1084 705 1114; x_wconf 84' lang='lat' dir='ltr'><strong>et</strong></span> <span class='ocrx_word' id='word_1_170' title='bbox 716 1078 791 1115; x_wconf 71' lang='lat' dir='ltr'><strong>velivo-</strong></span> 
     </span>
     <span class='ocr_line' id='line_1_20' title="bbox 75 1129 790 1178; baseline -0.003 -11"><span class='ocrx_word' id='word_1_171' title='bbox 75 1130 143 1168; x_wconf 83' lang='lat' dir='ltr'><strong>lantes</strong></span> <span class='ocrx_word' id='word_1_172' title='bbox 159 1135 307 1176; x_wconf 60' lang='lat' dir='ltr'><strong>nuncupantes</strong></span> <span class='ocrx_word' id='word_1_173' title='bbox 328 1130 400 1175; x_wconf 82' lang='lat' dir='ltr'><strong>(Gonf.</strong></span> <span class='ocrx_word' id='word_1_174' title='bbox 415 1129 516 1167; x_wconf 80' lang='lat' dir='ltr'><strong>Columna</strong></span> <span class='ocrx_word' id='word_1_175' title='bbox 528 1130 554 1167; x_wconf 91' lang='lat' dir='ltr'><strong>ad</strong></span> <span class='ocrx_word' id='word_1_176' title='bbox 566 1129 627 1167; x_wconf 87' lang='lat' dir='ltr'><strong>Ennii</strong></span> <span class='ocrx_word' id='word_1_177' title='bbox 639 1133 691 1168; x_wconf 84' lang='lat' dir='ltr'><strong>Ann.</strong></span> <span class='ocrx_word' id='word_1_178' title='bbox 702 1129 757 1167; x_wconf 85' lang='lat' dir='ltr'>XIV.</span> <span class='ocrx_word' id='word_1_179' title='bbox 770 1140 790 1178; x_wconf 86' lang='lat' dir='ltr'><strong>p.</strong></span> 
     </span>
     <span class='ocr_line' id='line_1_21' title="bbox 76 1179 792 1230; baseline -0.001 -10"><span class='ocrx_word' id='word_1_180' title='bbox 76 1182 115 1220; x_wconf 84' lang='lat'><strong>179</strong></span> <span class='ocrx_word' id='word_1_181' title='bbox 127 1193 142 1217; x_wconf 88' lang='lat' dir='ltr'><strong>s.</strong></span> <span class='ocrx_word' id='word_1_182' title='bbox 157 1179 191 1229; x_wconf 78' lang='lat' dir='ltr'><strong>[p.</strong></span> <span class='ocrx_word' id='word_1_183' title='bbox 204 1181 248 1219; x_wconf 83' lang='lat'>105.</span> <span class='ocrx_word' id='word_1_184' title='bbox 262 1181 330 1229; x_wconf 76' lang='lat' dir='ltr'><strong>Hess]</strong></span> <span class='ocrx_word' id='word_1_185' title='bbox 346 1187 366 1217; x_wconf 89' lang='lat' dir='ltr'><strong>et</strong></span> <span class='ocrx_word' id='word_1_186' title='bbox 381 1180 465 1221; x_wconf 77' lang='lat' dir='ltr'><strong>Planclr‚</strong></span> <span class='ocrx_word' id='word_1_187' title='bbox 480 1182 506 1218; x_wconf 93' lang='lat' dir='ltr'><strong>ad</strong></span> <span class='ocrx_word' id='word_1_188' title='bbox 521 1180 580 1218; x_wconf 89' lang='lat' dir='ltr'><strong>Ennii</strong></span> <span class='ocrx_word' id='word_1_189' title='bbox 592 1180 651 1218; x_wconf 48' lang='lat' dir='ltr'><strong>&gt;Meu</strong></span> <span class='ocrx_word' id='word_1_190' title='bbox 665 1194 683 1230; x_wconf 78' lang='lat' dir='ltr'><strong>p·</strong></span> <span class='ocrx_word' id='word_1_191' title='bbox 695 1181 732 1219; x_wconf 85' lang='grc'><strong>118</strong></span> <span class='ocrx_word' id='word_1_192' title='bbox 745 1179 753 1226; x_wconf 89' lang='grc'>)</span> <span class='ocrx_word' id='word_1_193' title='bbox 766 1201 792 1206; x_wconf 94' lang='grc'>-</span> 
     </span>
     <span class='ocr_line' id='line_1_22' title="bbox 73 1232 791 1284; baseline -0.003 -14"><span class='ocrx_word' id='word_1_194' title='bbox 73 1244 157 1284; x_wconf 81' lang='lat' dir='ltr'><strong>propter</strong></span> <span class='ocrx_word' id='word_1_195' title='bbox 168 1232 250 1280; x_wconf 79' lang='lat' dir='ltr'><strong>odores]</strong></span> <span class='ocrx_word' id='word_1_196' title='bbox 260 1233 294 1268; x_wconf 78' lang='lat' dir='ltr'><strong>&#39;sic</strong></span> <span class='ocrx_word' id='word_1_197' title='bbox 304 1245 376 1269; x_wconf 89' lang='lat' dir='ltr'><strong>omnes</strong></span> <span class='ocrx_word' id='word_1_198' title='bbox 387 1232 479 1270; x_wconf 83' lang='lat' dir='ltr'><strong>Lucretii</strong></span> <span class='ocrx_word' id='word_1_199' title='bbox 490 1233 552 1271; x_wconf 87' lang='lat' dir='ltr'><strong>Godd.</strong></span> <span class='ocrx_word' id='word_1_200' title='bbox 561 1239 581 1270; x_wconf 93' lang='lat' dir='ltr'><strong>et</strong></span> <span class='ocrx_word' id='word_1_201' title='bbox 587 1239 634 1270; x_wconf 84' lang='lat' dir='ltr'><strong>vett.</strong></span> <span class='ocrx_word' id='word_1_202' title='bbox 641 1233 706 1279; x_wconf 78' lang='lat' dir='ltr'><strong>editt,</strong></span> <span class='ocrx_word' id='word_1_203' title='bbox 721 1234 791 1280; x_wconf 82' lang='lat' dir='ltr'><strong>(prae-</strong></span> 
     </span>
     <span class='ocr_line' id='line_1_23' title="bbox 75 1283 791 1334; baseline -0.001 -13"><span class='ocrx_word' id='word_1_204' title='bbox 75 1290 108 1321; x_wconf 84' lang='lat' dir='ltr'><strong>ter</strong></span> <span class='ocrx_word' id='word_1_205' title='bbox 118 1285 172 1321; x_wconf 79' lang='lat' dir='ltr'><strong>tunt.</strong></span> <span class='ocrx_word' id='word_1_206' title='bbox 185 1290 205 1320; x_wconf 87' lang='lat' dir='ltr'><strong>et</strong></span> <span class='ocrx_word' id='word_1_207' title='bbox 213 1283 258 1321; x_wconf 82' lang='lat' dir='ltr'><strong>Atd.</strong></span> <span class='ocrx_word' id='word_1_208' title='bbox 270 1283 305 1331; x_wconf 77' lang='lat'><strong>2.)</strong></span> <span class='ocrx_word' id='word_1_209' title='bbox 320 1297 410 1334; x_wconf 84' lang='lat' dir='ltr'><strong>quarum</strong></span> <span class='ocrx_word' id='word_1_210' title='bbox 425 1283 539 1322; x_wconf 86' lang='lat' dir='ltr'><strong>lectionem</strong></span> <span class='ocrx_word' id='word_1_211' title='bbox 555 1287 612 1322; x_wconf 83' lang='lat' dir='ltr'><strong>recte</strong></span> <span class='ocrx_word' id='word_1_212' title='bbox 619 1283 684 1323; x_wconf 82' lang='lat' dir='ltr'><strong>Wak.</strong></span> <span class='ocrx_word' id='word_1_213' title='bbox 694 1283 791 1331; x_wconf 82' lang='lat' dir='ltr'><strong>restituit,</strong></span> 
     </span>
     <span class='ocr_line' id='line_1_24' title="bbox 75 1334 792 1386; baseline 0 -14"><span class='ocrx_word' id='word_1_214' title='bbox 75 1334 213 1385; x_wconf 83' lang='lat' dir='ltr'><strong>probantibus</strong></span> <span class='ocrx_word' id='word_1_215' title='bbox 230 1335 305 1374; x_wconf 79' lang='lat' dir='ltr'><strong>Eiolrst.</strong></span> <span class='ocrx_word' id='word_1_216' title='bbox 323 1341 344 1372; x_wconf 90' lang='lat' dir='ltr'><strong>et</strong></span> <span class='ocrx_word' id='word_1_217' title='bbox 360 1335 444 1373; x_wconf 89' lang='lat' dir='ltr'><strong>Orelli0.</strong></span> <span class='ocrx_word' id='word_1_218' title='bbox 471 1339 497 1373; x_wconf 88' lang='lat' dir='ltr'><strong>At</strong></span> <span class='ocrx_word' id='word_1_219' title='bbox 515 1340 564 1374; x_wconf 83' lang='lat' dir='ltr'><strong>vero</strong></span> <span class='ocrx_word' id='word_1_220' title='bbox 584 1348 649 1386; x_wconf 86' lang='lat' dir='ltr'><strong>quum</strong></span> <span class='ocrx_word' id='word_1_221' title='bbox 667 1336 747 1374; x_wconf 87' lang='lat' dir='ltr'><strong>Servius</strong></span> <span class='ocrx_word' id='word_1_222' title='bbox 765 1335 792 1372; x_wconf 89' lang='lat' dir='ltr'><strong>ad</strong></span> 
     </span>
     <span class='ocr_line' id='line_1_25' title="bbox 75 1385 792 1438; baseline 0.003 -14"><span class='ocrx_word' id='word_1_223' title='bbox 75 1388 132 1438; x_wconf 82' lang='lat' dir='ltr'><strong>Virg.</strong></span> <span class='ocrx_word' id='word_1_224' title='bbox 144 1388 195 1424; x_wconf 82' lang='lat' dir='ltr'><strong>Aen.</strong></span> <span class='ocrx_word' id='word_1_225' title='bbox 205 1388 247 1434; x_wconf 79' lang='lat' dir='ltr'><strong>Vll,</strong></span> <span class='ocrx_word' id='word_1_226' title='bbox 259 1385 302 1426; x_wconf 60' lang='lat'><strong>804,</strong></span> <span class='ocrx_word' id='word_1_227' title='bbox 315 1400 326 1423; x_wconf 91' lang='lat' dir='ltr'><strong>e</strong></span> <span class='ocrx_word' id='word_1_228' title='bbox 337 1388 434 1424; x_wconf 86' lang='lat' dir='ltr'><strong>Lucretio</strong></span> <span class='ocrx_word' id='word_1_229' title='bbox 445 1387 519 1425; x_wconf 80' lang='lat' dir='ltr'><strong>afferat</strong></span> <span class='ocrx_word' id='word_1_230' title='bbox 528 1388 591 1425; x_wconf 84' lang='lat' dir='ltr'><strong>verba</strong></span> <span class='ocrx_word' id='word_1_231' title='bbox 600 1390 696 1426; x_wconf 78' lang='lat' dir='ltr'><strong>Florebat</strong></span> <span class='ocrx_word' id='word_1_232' title='bbox 706 1389 792 1426; x_wconf 73' lang='lat' dir='ltr'><strong>navibus</strong></span> 
     </span>
     <span class='ocr_line' id='line_1_26' title="bbox 71 1438 791 1492; baseline -0.003 -15"><span class='ocrx_word' id='word_1_233' title='bbox 71 1452 159 1492; x_wconf 80' lang='lat' dir='ltr'><strong>pontus,</strong></span> <span class='ocrx_word' id='word_1_234' title='bbox 173 1438 285 1487; x_wconf 76' lang='lat' dir='ltr'><strong>Marullus,</strong></span> <span class='ocrx_word' id='word_1_235' title='bbox 297 1452 381 1477; x_wconf 83' lang='lat' dir='ltr'><strong>memor</strong></span> <span class='ocrx_word' id='word_1_236' title='bbox 395 1440 484 1477; x_wconf 81' lang='lat' dir='ltr'><strong>fortasse</strong></span> <span class='ocrx_word' id='word_1_237' title='bbox 497 1440 539 1477; x_wconf 88' lang='lat' dir='ltr'><strong>loci</strong></span> <span class='ocrx_word' id='word_1_238' title='bbox 548 1439 656 1490; x_wconf 79' lang='lat' dir='ltr'><strong>Virgiliani</strong></span> <span class='ocrx_word' id='word_1_239' title='bbox 668 1439 693 1476; x_wconf 83' lang='lat' dir='ltr'><strong>ad</strong></span> <span class='ocrx_word' id='word_1_240' title='bbox 704 1439 755 1476; x_wconf 90' lang='lat' dir='ltr'><strong>Geo.</strong></span> <span class='ocrx_word' id='word_1_241' title='bbox 764 1440 791 1486; x_wconf 86' lang='lat' dir='ltr'><strong>ll,</strong></span> 
     </span>
     <span class='ocr_line' id='line_1_27' title="bbox 75 1488 792 1544; baseline -0.003 -13"><span class='ocrx_word' id='word_1_242' title='bbox 75 1488 120 1531; x_wconf 74' lang='grc'><strong>415.</strong></span> <span class='ocrx_word' id='word_1_243' title='bbox 134 1491 227 1542; x_wconf 76' lang='lat' dir='ltr'><strong>(pondos</strong></span> <span class='ocrx_word' id='word_1_244' title='bbox 238 1512 264 1518; x_wconf 90' lang='lat'>-</span> <span class='ocrx_word' id='word_1_245' title='bbox 273 1506 359 1544; x_wconf 78' lang='lat' dir='ltr'><strong>posuere</strong></span> <span class='ocrx_word' id='word_1_246' title='bbox 368 1493 474 1540; x_wconf 79' lang='lat' dir='ltr'><strong>carinas),</strong></span> <span class='ocrx_word' id='word_1_247' title='bbox 488 1491 537 1529; x_wconf 87' lang='lat' dir='ltr'><strong>inde</strong></span> <span class='ocrx_word' id='word_1_248' title='bbox 549 1491 694 1543; x_wconf 80' lang='lat' dir='ltr'><strong>fecitjlorelrot</strong></span> <span class='ocrx_word' id='word_1_249' title='bbox 705 1492 792 1530; x_wconf 63' lang='lat' dir='ltr'><strong>naritus</strong></span> 
     </span>
     <span class='ocr_line' id='line_1_28' title="bbox 71 1542 818 1596; baseline -0.003 -15"><span class='ocrx_word' id='word_1_250' title='bbox 71 1545 160 1596; x_wconf 80' lang='lat' dir='ltr'><strong>pandis,</strong></span> <span class='ocrx_word' id='word_1_251' title='bbox 176 1542 242 1592; x_wconf 84' lang='lat' dir='ltr'><strong>quod,</strong></span> <span class='ocrx_word' id='word_1_252' title='bbox 250 1543 277 1593; x_wconf 76' lang='lat' dir='ltr'><strong>jn</strong></span> <span class='ocrx_word' id='word_1_253' title='bbox 290 1543 346 1582; x_wconf 79' lang='lat' dir='ltr'><strong>lunt.</strong></span> <span class='ocrx_word' id='word_1_254' title='bbox 357 1549 479 1593; x_wconf 89' lang='lat' dir='ltr'><strong>receptum,</strong></span> <span class='ocrx_word' id='word_1_255' title='bbox 494 1556 519 1581; x_wconf 80' lang='lat' dir='ltr'><strong>ex</strong></span> <span class='ocrx_word' id='word_1_256' title='bbox 530 1543 569 1581; x_wconf 84' lang='lat' dir='ltr'><strong>hac</strong></span> <span class='ocrx_word' id='word_1_257' title='bbox 579 1543 600 1580; x_wconf 87' lang='lat' dir='ltr'><strong>iu</strong></span> <span class='ocrx_word' id='word_1_258' title='bbox 610 1543 655 1580; x_wconf 79' lang='lat' dir='ltr'><strong>Ald.</strong></span> <span class='ocrx_word' id='word_1_259' title='bbox 666 1545 685 1582; x_wconf 75' lang='grc'><strong>2.</strong></span> <span class='ocrx_word' id='word_1_260' title='bbox 698 1549 718 1580; x_wconf 85' lang='lat' dir='ltr'><strong>et</strong></span> <span class='ocrx_word' id='word_1_261' title='bbox 729 1542 758 1580; x_wconf 88' lang='lat' dir='ltr'><strong>sic</strong></span> <span class='ocrx_word' id='word_1_262' title='bbox 769 1543 792 1579; x_wconf 91' lang='lat' dir='ltr'><strong>in</strong></span> <span class='ocrx_word' id='word_1_263' title='bbox 805 1566 818 1574; x_wconf 46' lang='lat' dir='ltr'>x</span> 
     </span>
     <span class='ocr_line' id='line_1_29' title="bbox 76 1594 791 1646; baseline -0.003 -14"><span class='ocrx_word' id='word_1_264' title='bbox 76 1607 147 1632; x_wconf 89' lang='lat' dir='ltr'><strong>omnes</strong></span> <span class='ocrx_word' id='word_1_265' title='bbox 166 1595 224 1634; x_wconf 83' lang='lat' dir='ltr'><strong>editt.</strong></span> <span class='ocrx_word' id='word_1_266' title='bbox 238 1595 335 1646; x_wconf 81' lang='lat' dir='ltr'><strong>vulgares</strong></span> <span class='ocrx_word' id='word_1_267' title='bbox 348 1597 435 1632; x_wconf 85' lang='lat' dir='ltr'><strong>transiit.</strong></span> <span class='ocrx_word' id='word_1_268' title='bbox 461 1598 485 1632; x_wconf 89' lang='grc'><strong>111</strong></span> <span class='ocrx_word' id='word_1_269' title='bbox 496 1595 620 1633; x_wconf 86' lang='lat' dir='ltr'><strong>ulloautem</strong></span> <span class='ocrx_word' id='word_1_270' title='bbox 632 1594 791 1632; x_wconf 52' lang='grc'><strong>1110111111-</strong></span> 
     </span>
    </p>
   </div>
   <div class='ocr_carea' id='block_1_3' title="bbox 13 1645 791 1698">
    <p class='ocr_par' dir='ltr' id='par_1_3' title="bbox 13 1645 791 1698">
     <span class='ocr_line' id='line_1_30' title="bbox 13 1645 791 1698; baseline -0.001 -15"><span class='ocrx_word' id='word_1_271' title='bbox 13 1688 15 1694; x_wconf 43' lang='lat'><strong>,</strong></span> <span class='ocrx_word' id='word_1_272' title='bbox 75 1649 147 1698; x_wconf 80' lang='lat' dir='ltr'><strong>gatam</strong></span> <span class='ocrx_word' id='word_1_273' title='bbox 157 1646 256 1695; x_wconf 81' lang='lat' dir='ltr'><strong>reperiri,</strong></span> <span class='ocrx_word' id='word_1_274' title='bbox 271 1647 343 1684; x_wconf 87' lang='lat' dir='ltr'><strong>credat</strong></span> <span class='ocrx_word' id='word_1_275' title='bbox 358 1646 446 1684; x_wconf 86' lang='lat' dir='ltr'><strong>Iudaeus</strong></span> <span class='ocrx_word' id='word_1_276' title='bbox 460 1647 537 1695; x_wconf 77' lang='lat' dir='ltr'><strong>Apella.</strong></span> <span class='ocrx_word' id='word_1_277' title='bbox 564 1648 619 1684; x_wconf 88' lang='lat' dir='ltr'><strong>Nam</strong></span> <span class='ocrx_word' id='word_1_278' title='bbox 632 1645 791 1694; x_wconf 82' lang='lat' dir='ltr'><strong>Gifanii&#39;„libri</strong></span> 
     </span>
    </p>
   </div>
   <div class='ocr_carea' id='block_1_4' title="bbox 74 1697 793 2531">
    <p class='ocr_par' dir='ltr' id='par_1_4' title="bbox 74 1697 793 2531">
     <span class='ocr_line' id='line_1_31' title="bbox 76 1697 791 1749; baseline 0.001 -15"><span class='ocrx_word' id='word_1_279' title='bbox 76 1697 182 1749; x_wconf 75' lang='lat' dir='ltr'><strong>quidam“</strong></span> <span class='ocrx_word' id='word_1_280' title='bbox 196 1697 252 1735; x_wconf 88' lang='lat' dir='ltr'><strong>haud</strong></span> <span class='ocrx_word' id='word_1_281' title='bbox 262 1697 325 1735; x_wconf 89' lang='lat' dir='ltr'><strong>dubie</strong></span> <span class='ocrx_word' id='word_1_282' title='bbox 335 1705 384 1735; x_wconf 88' lang='lat' dir='ltr'><strong>sunt</strong></span> <span class='ocrx_word' id='word_1_283' title='bbox 394 1700 450 1741; x_wconf 82' lang='grc'><strong>111111.</strong></span> <span class='ocrx_word' id='word_1_284' title='bbox 461 1698 506 1736; x_wconf 83' lang='lat' dir='ltr'><strong>Ald.</strong></span> <span class='ocrx_word' id='word_1_285' title='bbox 516 1700 536 1738; x_wconf 76' lang='grc'><strong>2.</strong></span> <span class='ocrx_word' id='word_1_286' title='bbox 548 1705 572 1749; x_wconf 75' lang='lat' dir='ltr'><strong>et</strong></span> <span class='ocrx_word' id='word_1_287' title='bbox 580 1698 668 1736; x_wconf 89' lang='lat' dir='ltr'><strong>seriores</strong></span> <span class='ocrx_word' id='word_1_288' title='bbox 678 1697 791 1736; x_wconf 85' lang='lat' dir='ltr'><strong>nonnullae</strong></span> 
     </span>
     <span class='ocr_line' id='line_1_32' title="bbox 76 1747 792 1801; baseline 0 -15"><span class='ocrx_word' id='word_1_289' title='bbox 76 1747 146 1795; x_wconf 70' lang='lat' dir='ltr'><strong>editt,</strong></span> <span class='ocrx_word' id='word_1_290' title='bbox 160 1749 217 1799; x_wconf 79' lang='lat' dir='ltr'><strong>quod</strong></span> <span class='ocrx_word' id='word_1_291' title='bbox 228 1756 298 1786; x_wconf 85' lang='lat' dir='ltr'><strong>autem</strong></span> <span class='ocrx_word' id='word_1_292' title='bbox 311 1750 395 1789; x_wconf 86' lang='lat' dir='ltr'><strong>Greech.</strong></span> <span class='ocrx_word' id='word_1_293' title='bbox 406 1750 467 1797; x_wconf 89' lang='lat' dir='ltr'><strong>dicit,</strong></span> <span class='ocrx_word' id='word_1_294' title='bbox 482 1750 625 1799; x_wconf 79' lang='lat' dir='ltr'><strong>„Lambinum</strong></span> <span class='ocrx_word' id='word_1_295' title='bbox 636 1750 657 1787; x_wconf 92' lang='lat' dir='ltr'><strong>in</strong></span> <span class='ocrx_word' id='word_1_296' title='bbox 667 1750 792 1801; x_wconf 74' lang='lat' dir='ltr'><strong>quibusdam</strong></span> 
     </span>
     <span class='ocr_line' id='line_1_33' title="bbox 76 1799 792 1854; baseline 0.003 -16"><span class='ocrx_word' id='word_1_297' title='bbox 76 1801 140 1842; x_wconf 85' lang='lat' dir='ltr'><strong>Codd.</strong></span> <span class='ocrx_word' id='word_1_298' title='bbox 157 1803 334 1854; x_wconf 75' lang='lat' dir='ltr'><strong>novibuspcnclis</strong></span> <span class='ocrx_word' id='word_1_299' title='bbox 347 1803 448 1840; x_wconf 84' lang='lat' dir='ltr'><strong>invenisse</strong></span> <span class='ocrx_word' id='word_1_300' title='bbox 456 1829 462 1850; x_wconf 91' lang='lat'><strong>,</strong></span> <span class='ocrx_word' id='word_1_301' title='bbox 470 1804 483 1824; x_wconf 85' lang='lat'><em>“</em></span> <span class='ocrx_word' id='word_1_302' title='bbox 497 1802 575 1840; x_wconf 82' lang='lat' dir='ltr'><strong>falsum</strong></span> <span class='ocrx_word' id='word_1_303' title='bbox 586 1809 627 1849; x_wconf 81' lang='lat' dir='ltr'><strong>est,</strong></span> <span class='ocrx_word' id='word_1_304' title='bbox 642 1799 707 1853; x_wconf 83' lang='lat' dir='ltr'><strong>quum</strong></span> <span class='ocrx_word' id='word_1_305' title='bbox 719 1801 755 1838; x_wconf 88' lang='lat' dir='ltr'><strong>ille</strong></span> <span class='ocrx_word' id='word_1_306' title='bbox 766 1801 792 1840; x_wconf 87' lang='lat' dir='ltr'><strong>de</strong></span> 
     </span>
     <span class='ocr_line' id='line_1_34' title="bbox 74 1852 792 1905; baseline 0.001 -14"><span class='ocrx_word' id='word_1_307' title='bbox 74 1852 137 1891; x_wconf 85' lang='lat' dir='ltr'><strong>huius</strong></span> <span class='ocrx_word' id='word_1_308' title='bbox 147 1853 263 1902; x_wconf 85' lang='lat' dir='ltr'><strong>scripturae</strong></span> <span class='ocrx_word' id='word_1_309' title='bbox 274 1853 400 1892; x_wconf 87' lang='lat' dir='ltr'><strong>auctoritate</strong></span> <span class='ocrx_word' id='word_1_310' title='bbox 412 1854 474 1904; x_wconf 89' lang='lat' dir='ltr'><strong>plane</strong></span> <span class='ocrx_word' id='word_1_311' title='bbox 485 1854 537 1892; x_wconf 88' lang='lat' dir='ltr'><strong>nihil</strong></span> <span class='ocrx_word' id='word_1_312' title='bbox 549 1854 639 1905; x_wconf 62' lang='lat' dir='ltr'><strong>prodat,</strong></span> <span class='ocrx_word' id='word_1_313' title='bbox 650 1855 692 1892; x_wconf 88' lang='lat' dir='ltr'><strong>imo</strong></span> <span class='ocrx_word' id='word_1_314' title='bbox 704 1853 792 1891; x_wconf 85' lang='lat' dir='ltr'><strong>alteram</strong></span> 
     </span>
     <span class='ocr_line' id='line_1_35' title="bbox 76 1905 791 1954; baseline 0 -11"><span class='ocrx_word' id='word_1_315' title='bbox 76 1911 97 1943; x_wconf 86' lang='lat' dir='ltr'><strong>et</strong></span> <span class='ocrx_word' id='word_1_316' title='bbox 108 1908 180 1943; x_wconf 85' lang='lat' dir='ltr'><strong>veram</strong></span> <span class='ocrx_word' id='word_1_317' title='bbox 190 1905 327 1943; x_wconf 86' lang='lat' dir='ltr'><strong>lectionema</strong></span> <span class='ocrx_word' id='word_1_318' title='bbox 338 1907 443 1944; x_wconf 90' lang='lat' dir='ltr'><strong>nonnullis</strong></span> <span class='ocrx_word' id='word_1_319' title='bbox 456 1906 566 1953; x_wconf 89' lang='lat' dir='ltr'><strong>(omnibus</strong></span> <span class='ocrx_word' id='word_1_320' title='bbox 584 1906 653 1944; x_wconf 84' lang='lat' dir='ltr'><strong>dicere</strong></span> <span class='ocrx_word' id='word_1_321' title='bbox 673 1905 791 1954; x_wconf 85' lang='lat' dir='ltr'><strong>debuisset)</strong></span> 
     </span>
     <span class='ocr_line' id='line_1_36' title="bbox 75 1957 791 2006; baseline 0.001 -12"><span class='ocrx_word' id='word_1_322' title='bbox 75 1957 134 1994; x_wconf 88' lang='lat' dir='ltr'><strong>libris</strong></span> <span class='ocrx_word' id='word_1_323' title='bbox 148 1958 194 1996; x_wconf 88' lang='lat' dir='ltr'><strong>Mss.</strong></span> <span class='ocrx_word' id='word_1_324' title='bbox 209 1958 302 2006; x_wconf 86' lang='lat' dir='ltr'><strong>exhiberi</strong></span> <span class='ocrx_word' id='word_1_325' title='bbox 315 1958 414 1997; x_wconf 83' lang='lat' dir='ltr'><strong>fateatur.</strong></span> <span class='ocrx_word' id='word_1_326' title='bbox 435 1960 510 2004; x_wconf 77' lang='lat' dir='ltr'><strong>“Quare</strong></span> <span class='ocrx_word' id='word_1_327' title='bbox 527 1959 552 1996; x_wconf 89' lang='lat' dir='ltr'><strong>de</strong></span> <span class='ocrx_word' id='word_1_328' title='bbox 568 1959 631 1996; x_wconf 88' lang='lat' dir='ltr'><strong>Godd.</strong></span> <span class='ocrx_word' id='word_1_329' title='bbox 644 1958 736 1996; x_wconf 87' lang='lat' dir='ltr'><strong>lectione</strong></span> <span class='ocrx_word' id='word_1_330' title='bbox 749 1971 791 1995; x_wconf 90' lang='lat' dir='ltr'><strong>non</strong></span> 
     </span>
     <span class='ocr_line' id='line_1_37' title="bbox 76 2008 793 2054; baseline 0.001 -8"><span class='ocrx_word' id='word_1_331' title='bbox 76 2008 226 2054; x_wconf 87' lang='lat' dir='ltr'><strong>dubitandum,</strong></span> <span class='ocrx_word' id='word_1_332' title='bbox 241 2009 322 2047; x_wconf 86' lang='lat' dir='ltr'><strong>Servius</strong></span> <span class='ocrx_word' id='word_1_333' title='bbox 334 2017 407 2047; x_wconf 86' lang='lat' dir='ltr'><strong>autem</strong></span> <span class='ocrx_word' id='word_1_334' title='bbox 422 2010 456 2047; x_wconf 84' lang='lat' dir='ltr'><strong>vet</strong></span> <span class='ocrx_word' id='word_1_335' title='bbox 470 2010 542 2047; x_wconf 85' lang='lat' dir='ltr'><strong>locum</strong></span> <span class='ocrx_word' id='word_1_336' title='bbox 557 2017 652 2047; x_wconf 85' lang='lat' dir='ltr'><strong>nostrum</strong></span> <span class='ocrx_word' id='word_1_337' title='bbox 668 2011 793 2048; x_wconf 84' lang='lat' dir='ltr'><strong>memoriter</strong></span> 
     </span>
     <span class='ocr_line' id='line_1_38' title="bbox 76 2060 792 2109; baseline 0.004 -12"><span class='ocrx_word' id='word_1_338' title='bbox 76 2066 158 2098; x_wconf 88' lang='lat' dir='ltr'><strong>tautum</strong></span> <span class='ocrx_word' id='word_1_339' title='bbox 174 2072 213 2098; x_wconf 89' lang='lat' dir='ltr'><strong>nec</strong></span> <span class='ocrx_word' id='word_1_340' title='bbox 229 2061 256 2099; x_wconf 89' lang='lat' dir='ltr'><strong>ad</strong></span> <span class='ocrx_word' id='word_1_341' title='bbox 269 2062 356 2099; x_wconf 88' lang='lat' dir='ltr'><strong>verbum</strong></span> <span class='ocrx_word' id='word_1_342' title='bbox 369 2060 520 2109; x_wconf 74' lang='lat' dir='ltr'><strong>attulisse,vet</strong></span> <span class='ocrx_word' id='word_1_343' title='bbox 532 2062 596 2099; x_wconf 89' lang='lat' dir='ltr'><strong>alium</strong></span> <span class='ocrx_word' id='word_1_344' title='bbox 609 2062 698 2100; x_wconf 87' lang='lat' dir='ltr'><strong>fortasse</strong></span> <span class='ocrx_word' id='word_1_345' title='bbox 708 2075 792 2100; x_wconf 87' lang='lat' dir='ltr'><strong>versum</strong></span> 
     </span>
     <span class='ocr_line' id='line_1_39' title="bbox 77 2112 793 2164; baseline 0.003 -15"><span class='ocrx_word' id='word_1_346' title='bbox 77 2112 208 2161; x_wconf 86' lang='lat' dir='ltr'><strong>deperditum</strong></span> <span class='ocrx_word' id='word_1_347' title='bbox 218 2113 335 2163; x_wconf 53' lang='lat' dir='ltr'><strong>respexisse*</strong></span> <span class='ocrx_word' id='word_1_348' title='bbox 341 2114 430 2152; x_wconf 87' lang='lat' dir='ltr'><strong>videtur.</strong></span> <span class='ocrx_word' id='word_1_349' title='bbox 458 2113 526 2161; x_wconf 82' lang='lat' dir='ltr'><strong>(Quid</strong></span> <span class='ocrx_word' id='word_1_350' title='bbox 538 2114 593 2164; x_wconf 85' lang='lat' dir='ltr'><strong>quod</strong></span> <span class='ocrx_word' id='word_1_351' title='bbox 602 2114 715 2152; x_wconf 81' lang='lat' dir='ltr'><strong>nonnullae</strong></span> <span class='ocrx_word' id='word_1_352' title='bbox 728 2114 793 2152; x_wconf 84' lang='lat' dir='ltr'><strong>Servii</strong></span> 
     </span>
     <span class='ocr_line' id='line_1_40' title="bbox 77 2164 792 2216; baseline 0.003 -15"><span class='ocrx_word' id='word_1_353' title='bbox 77 2164 135 2205; x_wconf 86' lang='lat' dir='ltr'><strong>editt.</strong></span> <span class='ocrx_word' id='word_1_354' title='bbox 145 2166 279 2203; x_wconf 82' lang='lat' dir='ltr'><strong>neLucretio</strong></span> <span class='ocrx_word' id='word_1_355' title='bbox 292 2165 389 2216; x_wconf 84' lang='lat' dir='ltr'><strong>quidem,</strong></span> <span class='ocrx_word' id='word_1_356' title='bbox 403 2164 440 2203; x_wconf 90' lang='lat' dir='ltr'><strong>sed</strong></span> <span class='ocrx_word' id='word_1_357' title='bbox 450 2166 534 2203; x_wconf 89' lang='lat' dir='ltr'><strong>Lucano</strong></span> <span class='ocrx_word' id='word_1_358' title='bbox 543 2167 596 2204; x_wconf 90' lang='lat' dir='ltr'><strong>haee</strong></span> <span class='ocrx_word' id='word_1_359' title='bbox 606 2167 669 2204; x_wconf 87' lang='lat' dir='ltr'><strong>verba</strong></span> <span class='ocrx_word' id='word_1_360' title='bbox 678 2166 792 2214; x_wconf 88' lang='lat' dir='ltr'><strong>vindicant,</strong></span> 
     </span>
     <span class='ocr_line' id='line_1_41' title="bbox 76 2216 790 2269; baseline 0.004 -17"><span class='ocrx_word' id='word_1_361' title='bbox 76 2216 99 2253; x_wconf 91' lang='lat' dir='ltr'><strong>in</strong></span> <span class='ocrx_word' id='word_1_362' title='bbox 112 2228 151 2267; x_wconf 86' lang='lat' dir='ltr'><strong>quo</strong></span> <span class='ocrx_word' id='word_1_363' title='bbox 164 2222 234 2254; x_wconf 85' lang='lat' dir='ltr'><strong>tamen</strong></span> <span class='ocrx_word' id='word_1_364' title='bbox 244 2231 286 2255; x_wconf 89' lang='lat' dir='ltr'><strong>non</strong></span> <span class='ocrx_word' id='word_1_365' title='bbox 295 2217 360 2266; x_wconf 75' lang='lat' dir='ltr'><strong>magis</strong></span> <span class='ocrx_word' id='word_1_366' title='bbox 371 2217 527 2267; x_wconf 78' lang='lat' dir='ltr'><strong>inveniuntur.)</strong></span> <span class='ocrx_word' id='word_1_367' title='bbox 555 2221 612 2265; x_wconf 84' lang='lat' dir='ltr'><strong>Quae</strong></span> <span class='ocrx_word' id='word_1_368' title='bbox 627 2231 691 2269; x_wconf 85' lang='lat' dir='ltr'><strong>quum</strong></span> <span class='ocrx_word' id='word_1_369' title='bbox 702 2219 732 2256; x_wconf 87' lang='lat' dir='ltr'><strong>ita</strong></span> <span class='ocrx_word' id='word_1_370' title='bbox 743 2219 790 2267; x_wconf 87' lang='lat' dir='ltr'><strong>sint,</strong></span> 
     </span>
     <span class='ocr_line' id='line_1_42' title="bbox 76 2269 793 2321; baseline 0.003 -15"><span class='ocrx_word' id='word_1_371' title='bbox 76 2281 119 2306; x_wconf 86' lang='lat' dir='ltr'><strong>non</strong></span> <span class='ocrx_word' id='word_1_372' title='bbox 129 2280 212 2318; x_wconf 89' lang='lat' dir='ltr'><strong>possum</strong></span> <span class='ocrx_word' id='word_1_373' title='bbox 223 2269 317 2307; x_wconf 85' lang='lat' dir='ltr'><strong>assentiri</strong></span> <span class='ocrx_word' id='word_1_374' title='bbox 329 2270 399 2307; x_wconf 89' lang='lat' dir='ltr'><strong>Orellii</strong></span> <span class='ocrx_word' id='word_1_375' title='bbox 409 2270 493 2307; x_wconf 87' lang='lat' dir='ltr'><strong>Censori</strong></span> <span class='ocrx_word' id='word_1_376' title='bbox 501 2270 592 2314; x_wconf 85' lang='lat' dir='ltr'><strong>lenensi,</strong></span> <span class='ocrx_word' id='word_1_377' title='bbox 607 2272 642 2321; x_wconf 83' lang='lat' dir='ltr'><strong>qui</strong></span> <span class='ocrx_word' id='word_1_378' title='bbox 654 2270 793 2320; x_wconf 85' lang='lat' dir='ltr'><strong>Havercampi</strong></span> 
     </span>
     <span class='ocr_line' id='line_1_43' title="bbox 76 2318 792 2372; baseline 0.003 -14"><span class='ocrx_word' id='word_1_379' title='bbox 76 2318 202 2358; x_wconf 86' lang='lat' dir='ltr'><strong>sententiam</strong></span> <span class='ocrx_word' id='word_1_380' title='bbox 212 2322 324 2372; x_wconf 84' lang='lat' dir='ltr'><strong>amplexus,</strong></span> <span class='ocrx_word' id='word_1_381' title='bbox 331 2321 556 2372; x_wconf 73' lang='lat' dir='ltr'><strong>praestantissimorum</strong></span> <span class='ocrx_word' id='word_1_382' title='bbox 563 2322 626 2363; x_wconf 86' lang='lat' dir='ltr'><strong>Godd.</strong></span> <span class='ocrx_word' id='word_1_383' title='bbox 634 2322 734 2360; x_wconf 87' lang='lat' dir='ltr'><strong>lectiones</strong></span> <span class='ocrx_word' id='word_1_384' title='bbox 744 2335 792 2360; x_wconf 90' lang='lat' dir='ltr'><strong>cum</strong></span> 
     </span>
     <span class='ocr_line' id='line_1_44' title="bbox 76 2371 792 2427; baseline 0.006 -17"><span class='ocrx_word' id='word_1_385' title='bbox 76 2372 176 2411; x_wconf 77' lang='lat' dir='ltr'><strong>Seruiana</strong></span> <span class='ocrx_word' id='word_1_386' title='bbox 182 2372 211 2410; x_wconf 92' lang='lat' dir='ltr'><strong>sic</strong></span> <span class='ocrx_word' id='word_1_387' title='bbox 218 2374 498 2424; x_wconf 84' lang='lat' dir='ltr'><strong>optimeconciliaricenset:</strong></span> <span class='ocrx_word' id='word_1_388' title='bbox 509 2378 558 2414; x_wconf 79' lang='lat' dir='ltr'><strong>Tum</strong></span> <span class='ocrx_word' id='word_1_389' title='bbox 564 2390 619 2414; x_wconf 77' lang='lat' dir='ltr'><strong>more</strong></span> <span class='ocrx_word' id='word_1_390' title='bbox 625 2371 743 2418; x_wconf 69' lang='lat' dir='ltr'><strong>velivolum·</strong></span> <span class='ocrx_word' id='word_1_391' title='bbox 749 2377 792 2427; x_wconf 85' lang='lat' dir='ltr'><strong>flo-</strong></span> 
     </span>
     <span class='ocr_line' id='line_1_45' title="bbox 76 2425 791 2479; baseline 0 -15"><span class='ocrx_word' id='word_1_392' title='bbox 76 2427 134 2465; x_wconf 72' lang='lat' dir='ltr'><strong>rebat</strong></span> <span class='ocrx_word' id='word_1_393' title='bbox 143 2426 229 2464; x_wconf 75' lang='lat' dir='ltr'><strong>navitus</strong></span> <span class='ocrx_word' id='word_1_394' title='bbox 234 2438 322 2479; x_wconf 67' lang='lat' dir='ltr'><strong>punina,⁴</strong></span> <span class='ocrx_word' id='word_1_395' title='bbox 336 2439 388 2477; x_wconf 87' lang='lat' dir='ltr'><strong>quae</strong></span> <span class='ocrx_word' id='word_1_396' title='bbox 397 2426 449 2464; x_wconf 89' lang='lat' dir='ltr'><strong>mihi</strong></span> <span class='ocrx_word' id='word_1_397' title='bbox 457 2432 498 2463; x_wconf 84' lang='lat' dir='ltr'><strong>tau·</strong></span> <span class='ocrx_word' id='word_1_398' title='bbox 503 2426 573 2476; x_wconf 78' lang='lat' dir='ltr'><strong>ologia</strong></span> <span class='ocrx_word' id='word_1_399' title='bbox 581 2426 664 2464; x_wconf 90' lang='lat' dir='ltr'><strong>videtur</strong></span> <span class='ocrx_word' id='word_1_400' title='bbox 670 2425 791 2477; x_wconf 86' lang='lat' dir='ltr'><strong>neutiquam</strong></span> 
     </span>
     <span class='ocr_line' id='line_1_46' title="bbox 75 2472 792 2531; baseline 0.001 -15"><span class='ocrx_word' id='word_1_401' title='bbox 75 2475 171 2518; x_wconf 76' lang='lat' dir='ltr'><strong>ferenda.</strong></span> <span class='ocrx_word' id='word_1_402' title='bbox 195 2479 276 2518; x_wconf 81' lang='lat' dir='ltr'><strong>Florere</strong></span> <span class='ocrx_word' id='word_1_403' title='bbox 286 2483 363 2529; x_wconf 83' lang='lat' dir='ltr'><strong>autem,</strong></span> <span class='ocrx_word' id='word_1_404' title='bbox 375 2479 397 2517; x_wconf 89' lang='lat' dir='ltr'><strong>in</strong></span> <span class='ocrx_word' id='word_1_405' title='bbox 407 2490 456 2531; x_wconf 84' lang='lat' dir='ltr'><strong>quo,</strong></span> <span class='ocrx_word' id='word_1_406' title='bbox 466 2478 496 2517; x_wconf 88' lang='lat' dir='ltr'><strong>sic</strong></span> <span class='ocrx_word' id='word_1_407' title='bbox 505 2479 561 2518; x_wconf 87' lang='lat' dir='ltr'><strong>nude</strong></span> <span class='ocrx_word' id='word_1_408' title='bbox 571 2479 647 2530; x_wconf 85' lang='lat' dir='ltr'><strong>posito,</strong></span> <span class='ocrx_word' id='word_1_409' title='bbox 658 2472 746 2517; x_wconf 77' lang='lat' dir='ltr'><strong>offendit</strong></span> <span class='ocrx_word' id='word_1_410' title='bbox 756 2478 792 2517; x_wconf 85' lang='lat' dir='ltr'><strong>Vir</strong></span> 
     </span>
    </p>
   </div>
   <div class='ocr_carea' id='block_1_5' title="bbox 0 0 850 2654">
    <p class='ocr_par' dir='ltr' id='par_1_5' title="bbox 0 0 850 2654">
     <span class='ocr_line' id='line_1_47' title="bbox 0 0 850 2654; baseline 0 0"><span class='ocrx_word' id='word_1_411' title='bbox 0 0 850 2654; x_wconf 95' lang='lat' dir='ltr'><strong> </strong></span> 
     </span>
    </p>
   </div>
  </div>
 </body>
</html>
