1690 2654
50 1800 105 1825 arvo.

187 187 189 190 ,
229 150 271 190 At)
287 147 420 206 LIBRUM
435 147 580 189 PRIMUM.
719 148 766 194 187

0 285 4 296 -.
100 262 146 302 305.
174 271 210 299 aut
222 258 282 298 Wak.
294 256 359 295 edidit
371 269 382 294 e
394 257 469 307 Gellio,
476 259 500 307 V,
511 258 542 298 15.
556 258 613 297 hunc
622 269 707 297 versum
713 258 765 297 affe·

0 312 3 355 ff.
49 318 115 353 rente.
143 312 220 350 Nonius
230 323 291 358 vero,
306 311 341 359 qui
352 309 428 359 etipse
440 322 523 347 versum
533 317 629 348 nostruin
640 310 706 348 habet
717 314 732 361 l,
745 312 764 350 8.

49 367 78 416 (p.
91 363 135 404 484.
147 364 231 410 Gom),
250 362 355 410 conspirat
367 372 416 397 cum
427 359 522 403 omnibus
539 362 631 398 Lucretii
649 362 727 410 Godd.,
741 362 765 399 in

50 416 124 468 quihus
134 428 193 453 mera
201 413 277 463 copula
286 425 306 450 ec
314 411 398 463 legitur.
419 413 444 449 ln
452 424 494 450 uno
506 412 558 453 God.
568 412 618 453 Brit.
627 415 647 453 2.
658 414 764 452 iuvenitur

0 473 2 513 J:
48 483 96 517 nec,
109 467 217 504 sicutulla
224 476 262 514 pro
275 465 339 503 nulla.

0 562 2 565 .
100 532 145 570 306.
156 530 200 569 307.
214 530 255 566 Hos
265 539 336 566 versus
345 526 402 564 idern
408 525 520 578 Noniusll,
531 529 575 568 812.
587 529 609 579 (p
622 529 675 576 583.)
689 527 719 567 ita
730 541 764 566 ex·

48 580 118 632 hibet,
133 586 156 617 ut
164 593 202 630 pro
207 580 330 633 fluctifrago
341 578 552 633 legeturfluctivago.
566 582 630 617 Porro
643 579 705 617 Codd.
714 581 765 619 Brit.

0 640 3 681 ζ
49 634 68 672 1.
80 634 99 671 3.
110 632 210 683 praebent
224 634 331 680 adescant,
346 637 367 667 ct
379 630 447 677 Wak,
461 631 556 669 Gellium
567 631 660 678 audiens,
673 633 721 681 XX,
733 632 764 670 15.

49 684 173 731 docentem,
185 689 265 721 veteres
276 682 348 719 dixisse
356 698 441 734 passum
453 695 465 719 a
471 686 551 734 pando,
565 696 608 721 non
616 698 717 736 pansum,
732 694 765 720 ex-

48 736 110 786 primi
125 736 183 773 iussit
197 737 310 788 dispessae,
326 746 367 784 qua
382 733 404 771 in
420 746 443 771 re
460 741 533 772 contra
546 734 612 774 Codd.
624 741 644 772 et
657 734 719 772 Nonii
729 746 765 772 au·

1 791 4 794 ’
49 787 169 825 ctoritatem
180 785 296 837 eurnsequi
306 785 422 831 noluimus,
436 786 529 835 quamvis
539 790 595 825 Serv.
607 787 634 824 ad
645 787 702 837 Virg.
713 790 764 826 Aen.

0 835 3 873 ἓ
48 841 64 887 I,
75 838 120 877 480.
134 839 190 876 idern
205 844 295 875 moneat.
321 839 385 874 Recte
400 838 469 886 potius
484 838 580 876 Vossium
594 838 619 875 de
630 838 717 888 Analog.
729 840 763 886 Ill,

48 892 81 929 26.
95 890 203 940 vulgarem
216 888 342 938 scripturam
356 887 474 926 defendisse
488 902 538 927 cum
549 891 598 927 Hav.
612 895 633 927 et
641 902 679 928 nos
690 900 763 927 cense-

0 949 2 973 ἰ
47 952 101 981 rnus.

0 1000 2 1047 ἶ
99 1006 144 1046 309.
173 1008 194 1046 V
192 1003 294 1054 isum‘est]
310 1003 340 1041 sic
352 1001 403 1041 Cod.
417 1003 476 1042 Cant.
487 1009 507 1041 et
517 1002 575 1045 editt.
587 1003 640 1043 Brix.
652 1006 706 1043 lunt.
718 1002 764 1043 Ald.

0 1052 2 1057 ’
47 1059 67 1096 2.
88 1057 174 1093 Ceterae
191 1057 249 1093 editt.
265 1061 315 1092 vett.
328 1060 364 1090 aut
377 1057 463 1091 visumst
477 1061 513 1091 aut
526 1058 602 1104 visne,
618 1055 674 1105 quod
691 1062 764 1092 tamen

0 1119 2 1124 ·
46 1108 94 1145 Pius
107 1121 145 1157 pro
158 1112 225 1146 visum
234 1118 265 1144 ert
276 1105 378 1153 scriptum
388 1117 431 1141 esse
442 1104 524 1143 disertis
534 1107 601 1143 verbis
616 1107 673 1146 dicit.
694 1108 763 1152 Quare

0 1154 2 1191 Ξ
47 1159 128 1204 nescio,
144 1171 181 1195 cur
197 1157 252 1206 apud
268 1160 317 1195 Hav.
328 1156 423 1206 tegamus
435 1159 486 1195 Visu
499 1167 540 1204 est,
554 1159 610 1209 quod
618 1157 694 1210 reliqui
706 1163 763 1197 certe

49 1221 97 1248 cuin
106 1207 231 1258 apostropho
243 1206 354 1245 ediderunt
366 1210 386 1246 V
385 1210 423 1246 isu’
433 1219 471 1247 est.

98 1271 143 1312 314.
158 1273 203 1312 815.
229 1271 298 1311 Verba
313 1286 375 1311 uncus
391 1275 495 1311 aratri-
507 1275 530 1311 in
547 1272 603 1312 orvis
619 1274 680 1312 affert
689 1274 762 1314 Isidor.

48 1324 103 1376 Orig.
120 1325 166 1372 XX,
184 1322 215 1362 14.
229 1325 262 1373 (p.
273 1321 330 1362 1324.
343 1323 420 1366 Goth.)
433 1336 482 1361 curn
497 1324 538 1362 hoc
550 1325 705 1363 additamento:
723 1331 762 1365 Su-

2 1381 6 1393 *
48 1380 122 1428 mirque
138 1392 176 1428 per
192 1377 313 1413 detrimenta
326 1376 423 1423 nitorem,
448 1387 472 1413 ex
486 1376 607 1425 deperdito,
632 1383 655 1413 ut
671 1376 760 1425 videtur,

2 1430 7 1481 ’ξ
48 1427 138 1464 Lucretii
154 1439 216 1464 versu
231 1426 340 1476 depromto
363 1426 400 1474 (de
419 1439 460 1476 quo
476 1426 518 1465 dixi
532 1427 553 1464 in
572 1429 653 1465 Corum.
670 1441 718 1466 mea
735 1429 761 1466 de

2 1512 8 1527 ,
23 1515 24 1518 ,
47 1479 109 1516 Lucr.
119 1491 138 1527 p.
153 1479 177 1518 83
189 1491 211 1526 s.,
225 1478 261 1516 uhi
277 1478 354 1515 addere
368 1478 490 1528 potuissem,
505 1479 625 1531 Virgilium,
641 1480 717 1527 Geor,
726 1479 760 1520 45.

3 1531 7 1543 “
48 1528 114 1566 nostri
128 1529 199 1567 locum
214 1531 238 1578 V,
254 1531 298 1569 209.
312 1529 428 1576 imitatum,
441 1530 531 1583 xfortasse
545 1531 609 1569 etiam
624 1532 692 1570 verbis
704 1532 761 1570 adie-
798 1553 805 1564 x

49 1580 87 1624 ctis
106 1583 198 1620 ee-sulco
212 1584 301 1628 adtritus
319 1583 456 1634 splendescere
470 1598 536 1621 vomer
549 1583 641 1621 Lucretii
656 1584 760 1635 quendam

43 1638 129 1669 ‘versum
137 1633 260 1682 respexisse,
275 1633 331 1671 hunc
342 1633 442 1670 nimirum
454 1634 480 1681 ah
492 1634 571 1673 Isidoro
583 1643 676 1685 exparte
688 1648 760 1674 serva-

1 1683 9 1740 ,ᾗ
48 1683 118 1729 tum);
132 1696 214 1721 versum
227 1685 272 1724 315.
288 1697 337 1722 vero
353 1684 421 1734 capite
436 1685 566 1724 deminutum
576 1687 657 1724 Servius
668 1687 761 1725 adhunc
784 1729 788 1737 .

1 1735 9 1779 ’ξ
48 1733 116 1783 ipsum
131 1735 214 1788 Virgilii
226 1736 299 1774 locum
315 1737 344 1775 sic
361 1736 453 1785 exhibeo
467 1740 543 1778 occulto
556 1742 653 1787 decrescit
662 1755 728 1779 vomer
739 1742 761 1778 in

2 1883 4 1886 .
98 1838 142 1877 327.
169 1854 226 1878 vesco
240 1840 294 1887 sale,
317 1839 332 1876 i.
348 1851 365 1876 e.
381 1839 456 1891 edace,
479 1848 503 1879 ut
516 1841 558 1883 iam
574 1840 654 1878 Gellius
669 1842 723 1886 XVI,
738 1840 758 1879 4.

2 1895 22 1931 ’μ
47 1886 120 1926 Paulus
136 1889 162 1927 ad
178 1892 261 1928 Festum
274 1904 295 1940 p.
313 1887 357 1929 474.
374 1891 439 1931 Goth.
463 1898 483 1929 et
500 1892 638 1942 Philargyrius
653 1891 686 1928 ⁴ad
702 1892 758 1943 Virg.

0 1970 10 1990 ἡ.
49 1938 100 1980 Geo.
114 1944 148 1988 tlt,
161 1943 205 1982 175.
218 1941 358 1992 explicarunt,
377 1955 449 1980 omnes
467 1943 563 1980 adhunc
580 1944 671 1981 Lucretii
687 1943 760 1981 locum

0 1988 9 2029 i
47 1999 189 2048 provocantes.
216 1993 321 2032 Librarios
332 2000 401 2032 autem
415 1994 551 2032 hancvocem
560 1994 643 2031 insolita
654 1995 759 2046 significa-

0 2049 12 2086 ².
47 2046 103 2080 tione
112 2052 231 2096 usurpatam
241 2045 275 2084 vel
282 2045 339 2083 varie.
349 2045 464 2095 corrupisse
474 2045 536 2094 (Cod.
547 2046 595 2084 Brit.
604 2047 623 2085 3.
634 2060 698 2094 vasto,
709 2047 759 2086 edit.

0 2098 9 2149 5
47 2090 98 2131 Erix.
114 2113 184 2145 nosco,
197 2098 246 2138 Brit.
256 2099 275 2137 2.
286 2100 378 2146 nostro),
391 2097 425 2136 vel
439 2110 523 2148 prorsus
538 2096 629 2135 omisisse
644 2097 681 2146 (ut
692 2098 758 2150 Lugd.

0 2153 8 2205 5
47 2144 66 2183 2.
76 2152 96 2183 et
106 2149 183 2199 Gott.),
197 2162 240 2187 non
251 2150 329 2187 mirum
340 2156 376 2188 est.
695 2160 699 2165 ·

5 2238 9 2255 ;
96 2210 120 2250 V.
130 2213 174 2253 335.
187 2214 254 2253 Bentl.
267 2221 288 2252 et
295 2213 376 2252 Wakef.
387 2212 481 2263 spurium
493 2211 577 2258 habent,
590 2225 674 2262 „quum
686 2214 759 2261 (verba

5 2290 7 2303 1
46 2265 92 2310 sussfi
103 2263 175 2312 Walx.)
190 2278 274 2314 prorsus
283 2265 335 2303 nihil
346 2265 493 2315 praecesserit,
509 2276 533 2301 ex
543 2276 583 2314 quo
594 2263 631 2301 fiat
642 2265 756 2314 conclusio,

3 2324 9 2366 j}
46 2320 84 2347 nee
97 2313 159 2352 facile
174 2317 200 2354 sit
210 2318 245 2356 lric
254 2329 326 2356 versus
337 2318 502 2362 constructione,
515 2316 551 2353 sed
561 2315 671 2364 impeditus
683 2316 757 2354 ohscu-

46 2371 131 2413 rusque‚
150 2369 243 2407 oratione
259 2369 353 2408 scabiosa
368 2375 389 2406 et
404 2381 427 2406 ex
442 2368 573 2418 omni.parte
590 2366 756 2414 putidissimus.“

46 2410 118 2472 Rfcte,
132 2425 155 2455 ut
165 2420 258 2468 videtur3
272 2428 292 2458 et
306 2421 370 2459 facile
387 2420 474 2458 conflari
485 2419 553 2467 potuit
563 2432 574 2455 e
584 2421 618 2466 Ill,
630 2417 673 2457 814.
686 2431 723 2457 seu
731 2421 756 2469 V,

2 2474 6 2485 ²
45 2461 88 2505 309.
99 2474 119 2505 et
131 2473 145 2514 l,
155 2468 199 2510 445.
227 2476 296 2520 Quum
305 2471 407 2511 tamenin
418 2471 475 2509 nullo
485 2471 539 2509 libro
552 2470 693 2518 desideretur,
708 2483 756 2508 eum

45 2516 102 2555 uncis
112 2519 219 2560 includere
229 2535 272 2561 non
282 2536 342 2562 eusus
354 2536 407 2564 sum.
426 2522 496 2568 (Goni.
509 2535 561 2574 quae
572 2522 597 2558 de
606 2523 650 2572 ipso
660 2522 701 2560 hoo
710 2535 757 2561 ver-
