1690 2654
450 21 459 40 9

74 136 123 185 236
226 165 228 168 .
298 128 569 177 denominaris

125 246 212 284 Versum
223 242 268 296 143.
284 244 377 285 Macrob.
385 247 429 282 sat.
440 245 476 292 VI,
488 246 506 290 1,
518 245 547 295 (p.
556 209 600 286 156.
607 245 660 296 Bip.)
673 246 704 285 sic
716 248 789 288 affert:

140 335 142 337 ,
151 300 219 344 Quum
232 297 324 347 primum
334 301 414 335 Aurora
425 297 527 348 respergit
537 297 616 335 lumine
628 305 705 346 terras,

74 356 95 387 et
105 348 214 440 epmparat
229 362 278 387 cum
292 350 349 402 Virg.
359 354 409 388 Aen.
421 350 456 398 IV,
466 350 522 397 581,
537 350 573 400 qui
586 362 657 388 versus
671 350 727 389 redit
738 354 789 389 Aen.

72 403 109 449 IX,
132 402 165 441 59.

125 451 169 492 141.
198 450 407 494 conf.i11frav.346.
424 454 445 492 V
443 454 499 490 ariae
506 454 711 494 autemvolacreshic
718 454 789 504 etiam,
831 450 834 452 μ

72 511 96 544 ut
106 507 124 555 I,
135 507 190 552 590„
202 505 308 556 significat
318 505 396 553 pictas,
406 504 468 542 variis
479 504 585 542 coloribus
596 513 686 547 ornatas.

126 559 171 597 151.
201 560 254 610 qaod
264 560 294 596 sic
305 556 366 595 Wak.
377 557 498 594 coniectura
508 555 539 593 e'st
547 557 710 604 verisimillima,
725 570 789 610 quam

72 610 103 648 sic
115 609 213 660 explicat:
235 608 287 657 „vel
296 609 336 655 sic,
351 608 445 659 quamvis
460 620 485 654 ea
498 608 607 646 celeritate
624 610 704 660 veniat,
724 610 789 647 undas

73 661 128 699 aeris
139 661 236 698 verberat
246 660 268 697 in
278 660 376 704 transitu,
398 667 418 696 et
433 672 476 696 non
491 660 535 696 sine
545 660 698 710 impedimentis
708 662 789 699 elucta-

73 716 129 752 tur.“
143 711 206 750 Codd.
216 712 289 761 optimi
299 710 391 761 Lugdl.
402 713 421 749 2.
434 711 492 747 Gott.
503 726 541 762 qno
551 715 570 749 si
576 725 581 756 ;
595 713 652 749 Bodl.
660 714 708 753 Brit.
719 715 737 752 1.
744 716 762 753 2.
769 715 789 754 3.

74 766 132 802 Cant.
146 771 167 800 et
176 775 247 799 omnes
258 762 316 799 editt.
324 768 372 798 vett.
381 764 434 813 quod
444 763 482 809 sol,
495 761 562 798 sed-in
568 764 616 802 Brit.
626 768 644 803 1.
655 765 708 802 illud
715 767 747 803 sal
754 777 789 802 ra-

72 828 133 853 surae
141 813 265 863 inscriptum
272 820 312 859 est;
328 813 391 864 vulgo
400 812 472 850 editur
483 816 544 865 qnasi
553 829 618 866 quom,
634 822 707 860 eontra
716 815 788 866 libros,

72 880 121 916 nam
127 866 148 904 in
155 865 303 903 duobusmodo
310 864 372 903 Codd.
380 865 450 904 Lamb.
457 864 600 918 legiturquasi
608 870 661 915 dana,
667 867 789 919 quodBent-

71 919 114 957 leio
123 918 215 968 placuit,
228 917 299 954 nescio
312 930 353 968 quo
366 929 433 960 sensu.
446 937 473 944 -
491 918 618 967 diverberat]
637 919 667 957 sic
681 920 764 970 reposui
777 932 788 957 e

74 970 140 1008 Codd.
152 968 212 1008 Vind.
222 969 272 1008 Brit.
282 971 300 1009 1.
311 972 329 1009 2.
347 971 404 1006 Cant.
419 975 439 1006 et
453 968 551 1005 omnihus
566 970 624 1009 editt.
640 977 701 1020 vett,
716 984 787 1022 quum,

72 1020 197 1061 Wakefieldi
207 1020 329 1058 coniectura
337 1027 429 1069 recepta,
444 1020 549 1071 quomodo
561 1021 705 1060 coniunctivus
716 1023 788 1062 locum

72 1073 161 1122 haheat,
174 1086 218 1111 non
230 1071 361 1124 perspiciam.
378 1072 439 1112 Wak.
448 1079 519 1110 tamen
524 1101 531 1122 ‚
545 1079 569 1111 ut
585 1086 658 1112 omnes
672 1075 731 1116 editt.
742 1074 789 1114 vul-

74 1139 142 1179 ἕβῐθε,
156 1128 274 1164 diverberet.

126 1178 170 1224 152.
196 1178 332 1229 singillatim]
352 1175 401 1214 eod.
411 1175 459 1214 Brit.
471 1177 490 1214 2.
503 1181 525 1211 et
540 1174 598 1220 editt.
607 1177 660 1216 Brix.
674 1179 723 1215 ver.
733 1179 788 1224 -Ven,

73 1231 206 1283 singalatim,
219 1228 281 1266 male.
291 1250 318 1256 —
330 1230 418 1279 vaporis,
432 1226 488 1277 quad
500 1239 548 1264 cum
557 1226 633 1266 Eichst.
642 1228 722 1266 restitui
733 1229 788 1268 exhi-

72 1281 134 1331 hent,
153 1280 171 1317 si
185 1282 234 1327 Han.
246 1288 293 1317 'non
311 1292 334 1317 ex
350 1279 475 1330 negligentia
492 1277 568 1324 tacuit,
584 1279 650 1317 Codd.
661 1280 727 1332 Lugd.
739 1282 757 1320 1.
766 1283 787 1322 2.

73 1336 141 1377 Gott.;
155 1331 216 1369 Wak.
228 1345 239 1368 e
249 1331 323 1380 ceteris
334 1331 393 1367 libris
407 1331 503 1367 omnibus
513 1329 578 1366 edidit
587 1346 678 1383 vapores,
692 1344 729 1380 per
741 1345 788 1370 exe·

72 1385 130 1436 gesin
142 1385 200 1433 qnasi
211 1383 279 1421 verbis
290 1385 408 1434 corpuscula
418 1398 508 1435 quaeqae
522 1381 628 1429 additum,
646 1395 699 1433 quae
715 1390 787 1422 tamen

71 1436 125 1475 ratio
135 1435 225 1483 multum
235 1435 300 1481 abest,
314 1441 337 1471 nt
347 1434 398 1472 mihi
408 1433 530 1474 satisfaciat.
549 1433 612 1475 Gonf.
621 1440 694 1483 contra
703 1435 786 1490 11530.

70 1489 107 1540 VI,
116 1489 174 1528 1062.
184 1493 205 1524 et
213 1486 291 1524 similes
300 1486 365 1525 locos.

123 1542 157 1576 Vs.
170 1537 214 1579 154.
226 1546 247 1576 et
258 1539 301 1577 155.
328 1539 390 1575 affert
400 1536 500 1575 Priscian·
516 1538 572 1584 VIIl,
585 1539 604 1576 7.
618 1538 637 1587 ἕ.
647 1535 678 1576 34.
694 1539 726 1588 (p.
740 1541 785 1578 802.

70 1591 166 1638 Putsch.)
194 1594 223 1628 De
233 1590 389 1628 constructione
400 1605 486 1641 corpora
496 1589 614 1640 officiuntur
626 1588 682 1628 conf.
689 1589 785 1630 Ruddim.

71 1645 120 1683 lnst.
133 1646 168 1682 Gr.
179 1645 202 1682 ll.
227 1644 286 1682 Ι219.
702 1643 706 1649 ’

125 1696 169 1733 157.
185 1656 787 1744 Hiietiam'cumEichstvutgaremtectionemremoratur,
822 1721 825 1727 .

71 1759 136 1797 quam
147 1744 243 1782 exhibent
254 1744 305 1781 Cod.
318 1745 368 1781 Brit.
384 1745 406 1782 1.>
417 1749 438 1780 et
452 1743 511 1781 editt.
528 1742 572 1779 Ald.
589 1745 607 1782 1.
621 1745 640 1781 2.
656 1746 705 1779 Bon.
722 1745 785 1793 Iunt,

70 1809 180 1849 reponere,
189 1795 317 1834 tutissimum
328 1794 396 1833 habui.
407 1793 467 1834 Wak.
479 1793 534 1833 enim
543 1794 565 1831 in
577 1800 696 1832 contextum
707 1796 786 1846 recepit

71 1849 126 1888 coni.
137 1861 195 1886 suam
210 1864 301 1896 remorae
310 1849 353 1897 fir,
371 1859 436 1898 quum
450 1862 528 1885 remora
544 1852 624 1883 veteres
639 1846 736 1884 dixissent
746 1863 785 1901 pro

70 1905 172 1941 tarditate
181 1902 217 1949 (nt
227 1901 292 1937 Plaut·
302 1899 359 1945 Trin.
372 1902 386 1946 l,
397 1901 415 1944 1,
426 1901 457 1937 16.
471 1899 579 1949 PoeanV,
590 1900 610 1944 2,
621 1900 665 1936 106.
682 1905 703 1934 et
716 1901 786 1937 Festus

70 1953 90 1992 h.
98 1967 119 1989 v.
131 1954 226 2000 nemora,
238 1966 260 2002 p.
272 1953 316 1991 171.
330 1949 404 1998 Goth.)
423 1949 486 1987 codd.
497 1948 586 1986 varietas
597 1948 649 1987 haec
660 1956 701 1988 est:
721 1950 784 1993 vind.

70 2004 120 2041 Brit.
128 2007 152 2044 ’2.
163 2006 182 2044 3.
196 2011 216 2041 et
223 2004 280 2041 erix.
292 2004 340 2041 Ver.
351 2004 401 2041 Ven.
414 2018 443 2041 ne·
450 2001 515 2050 (Badl.
523 2001 569 2051 nea)
583 2015 670 2040 arescere
680 2017 737 2042 mora
747 2015 786 2052 est,

70 2055 138 2107 Lugd.
151 2058 169 2095 1.
184 2071 297 2094 necrescere
311 2058 409 2101 moravis,
430 2053 495 2104 Lugd.
507 2054 527 2091 2.
542 2067 621 2090 nectes
636 2067 657 2090 se
667 2059 784 2104 remoram,

70 2108 131 2145 Poor.
138 2107 202 2144 'Cant
213 2119 291 2146 nee'res
301 2110 412 2145 remoram
424 2105 446 2152 (l
454 2105 469 2153 )‚
482 2105 586 2151 Gothnec
596 2119 628 2142 res
637 2119 701 2143 semor
711 2118 785 2147 autem.

67 2173 69 2176 ’
123 2159 167 2198 153.
193 2158 258 2196 Bentl.
269 2157 323 2196 coni.
335 2159 437 2208 afinilus,
446 2162 530 2205 praeter
541 2167 625 2192 omnem
632 2156 784 2200 necessitatem.

74 2239 76 2241 -
123 2211 167 2249 159.
192 2210 285 2260 connixa]
300 2210 392 2261 vulgaris
403 2208 474 2255 lectio,
485 2212 552 2259 vquam
560 2219 585 2244 ex
595 2207 651 2244 editt.
662 2214 711 2249 vett.
719 2222 781 2260 prae-

69 2262 121 2302 hent
134 2263 180 2299 Ver.
189 2263 240 2298 ven.
253 2262 297 2302 Ald.
307 2263 340 2307 23
364 2268 385 2298 at
395 2260 462 2311 Lugd.
472 2260 490 2298 1.
501 2261 521 2298 2.
534 2260 590 2298 Gott.
601 2259 661 2299 Vind.
671 2261 721 2301 Brit.
731 2263 751 2301 2.
763 2264 784 2303 3.

70 2321 92 2354 et
101 2313 155 2352 Brix.
166 2312 210 2349 Ald.
224 2314 241 2351 1.
252 2315 300 2353 Bon.
310 2316 364 2350 lunt.
374 2320 475 2358 connexa,
489 2312 550 2351 Poor.
562 2310 611 2350 Brit.
622 2313 640 2352 1.
650 2324 752 2352 convecta.

122 2365 165 2402 Vss.
179 2365 221 2403 162.
232 2370 251 2401 et
261 2366 311 2412 163„
319 2377 369 2402 nna
377 2376 428 2402 voce
434 2368 522 2416 mutata,
531 2362 600 2401 iterati
607 2362 740 2402 inveniuntur
747 2366 782 2413 lV,

12 2430 14 2432 ’
68 2419 114 2457 208.
121 2418 166 2456 209.
174 2417 248 2455 —163·
261 2420 386 2468 pervolgant,
393 2416 407 2453 i.
413 2428 430 2454 e.
438 2414 572 2463 perfundunt,
578 2415 783 2468 complentpsignifi-

69 2470 153 2508 catione
163 2467 221 2505 verbi
232 2468 329 2514 Enniana,
343 2481 363 2518 p.
373 2470 418 2508 286.
430 2469 496 2514 Hess„
510 2479 550 2517 qua
558 2466 613 2505 redit
622 2467 678 2518 apud
687 2473 784 2507 nostrum

68 2519 150 2571 11346.
160 2526 182 2559 et
191 2521 223 2570 Ν,
233 2520 279 2560 269.
290 2525 312 2559 et
320 2520 426 2572 usurpavit
437 2519 501 2558 etiam
515 2520 590 2560 Pacnv.
605 2532 638 2572 ap.
650 2521 710 2562 Varr.
722 2520 746 2561 1..
757 2520 781 2560 L.
