1690 2654
94 113 143 179 aas
314 130 594 174 rnuorrrronrs

145 245 191 284 926.
216 240 290 281 Verbis
304 244 437 290 Fundatura,
461 244 539 282 validis
553 242 617 294 vulgo
634 241 776 293 interponitur
795 252 816 282 et

95 307 143 333 cum
159 294 234 354 Alli·
250 297 300 331 Bon.
314 296 380 341 lunt,
394 293 451 345 quod
465 294 539 346 Wak.‚
553 295 651 332 meliores
660 295 725 332 libros
739 307 816 346 sequu-

94 353 139 394 tus,
153 352 231 385 omisit.

147 414 193 451 928.
207 412 278 460 niati]
291 410 350 449 Vind.
361 410 409 448 Brit.
417 412 435 449 1.
447 412 498 461 lohe,
512 410 568 449 haud
579 410 642 449 dubie
653 411 761 457 mendose,
777 409 816 449 etsi

94 462 145 503 alibi
156 464 227 501 fornia
238 464 280 502 lobi
291 475 335 500 non
347 462 429 500 videtur
440 476 559 502 occurrere.
577 463 654 513 (Conf.
664 464 690 501 ad
701 467 717 512 l,
730 463 789 512 977.)

147 528 172 569 V.
187 528 233 569 931,
260 525 379 577 paullulum
392 532 484 565 mutatus
501 526 556 565 redit
571 530 609 575 Vl,
627 528 684 567 1253.
719 530 817 567 Ceterum

94 578 157 617 Wak.
167 586 215 630 post
228 581 294 618 aratri
304 578 360 627 male
372 579 433 628 ponit
444 579 571 625 semicolon,
587 579 643 628 quod
655 580 740 626 dicunt5
755 585 775 616 et
785 590 817 615 se·

96 634 183 682 quentia
194 635 304 684 Quisquam
314 646 351 668 nec
361 632 437 668 scribut
449 637 487 668 etc.
502 644 543 666 uno
555 637 628 667 tenore
640 631 684 667 vult
695 631 817 678 pronuntia-

95 689 125 721 ta.
154 686 225 733 Longe
235 682 309 719 melius
319 682 340 717 in
352 681 408 730 vulg.
420 680 485 726 editt,
502 680 557 730 apud
567 679 642 718 Eichst.
653 687 673 718 et
684 682 747 721 Orell.
760 684 817 731 Quis-

96 750 157 787 qnom
171 739 275 772 commate
288 746 300 770 a
311 732 445 783 sequentibus
457 731 586 779 seiunctum,
601 744 649 770 cum
660 732 730 771 verbis
741 733 817 783 prioris

96 798 168 823 versus
185 784 329 831 connectitur;
350 796 403 835 quae
418 783 546 821 constructio
562 784 668 834 quomodo
684 785 816 824 Wakefieldo

95 838 224 888 perturbate,
235 850 275 873 neo
287 836 336 873 satis
348 836 432 886 quidem
443 835 516 873 Latina
527 834 594 872 videri
605 837 704 884 potuerit,
716 837 816 887 equidem

96 903 140 926 non
155 889 264 935 intelligo,
277 888 317 925 nisi
331 888 419 925 fortasse
437 887 523 924 omnino
536 886 649 925 molestum
662 888 680 925 ei
691 888 757 925 fuerit
766 901 817 937 pro-

97 954 175 978 nomen
189 941 210 977 in
224 940 266 976 fine
283 940 369 977 demum
384 938 500 976 sententiae
515 938 617 989 initioque
631 939 735 990 sequentis
744 952 816 978 versus

96 993 196 1042 positum.
225 992 265 1028 Sed
280 1004 342 1041 saepe
358 990 497 1028 nominativus
514 990 616 1038 subiecti,
630 998 704 1041 utpote
720 991 816 1043 qui'non

98 1044 167 1081 solum
179 1044 205 1080 ad
215 1044 270 1080 lianc
278 1043 408 1093 ipsam‚⁴sed
420 1042 483 1079 simul
496 1042 559 1079 etiam
571 1042 598 1079 ad
610 1051 733 1094 sequentem
747 1043 817 1093 perti-

97 1096 286 1143 neat‘sententiam
301 1094 395 1132 consulto
406 1100 426 1130 et
436 1094 482 1131 iure
493 1107 529 1132 suo
539 1094 595 1131 inter
605 1101 717 1146 utramque
727 1097 817 1134 insertur

99 1146 126 1185 ad
138 1147 203 1185 finem
212 1147 294 1196 prioris.
321 1148 405 1193 (Quare
415 1145 502 1185 Knehel.
513 1146 629 1184 rectissime
637 1148 712 1186 vertit:

178 1205 213 1238 Du
225 1214 267 1237 wur·
280 1201 372 1236 lteiner
385 1199 464 1235 onrzorli
475 1199 509 1235 dee
518 1200 602 1250 Pflnges'
614 1201 701 1252 riistiger
712 1201 799 1245 Leniter,

177 1256 199 1289 K
202 1253 227 1289 ei
231 1265 244 1289 n
250 1266 276 1288 er
288 1251 386 1304 peratum]
400 1252 438 1287 mit
454 1251 516 1287 Eleon
529 1264 555 1287 zu
569 1253 652 1289 wenden
667 1254 700 1290 die
715 1253 817 1304 mdtuigen

568 1304 667 1350 Aecker.)

99 1354 167 1392 Locus
179 1365 264 1403 prorsus
277 1351 394 1390 simillimus
406 1357 436 1389 est
445 1352 464 1402 I,¹
473 1351 529 1399 534.;
544 1352 584 1390 alia
597 1354 691 1404 exempla
700 1354 722 1391 in
733 1366 756 1391 re
768 1352 817 1392 satis

94 1412 149 1443 mota
158 1406 265 1453 superflua
274 1405 376 1442 videntur.
408 1405 519 1441 Praeterea
530 1416 594 1453 quum
604 1405 624 1441 in
635 1406 695 1444 Vind.
707 1406 753 1443 urit.
764 1407 783 1454 2.
797 1406 816 1445 3.

99 1460 157 1496 Cant.
177 1457 233 1496 Brir.
249 1458 298 1494 Ver.
309 1458 367 1495 'Vem
380 1455 464 1506 legatur
477 1459 598 1506 Quicquam,
611 1457 671 1495 Walr.
683 1457 743 1495 coni„
752 1459 818 1504 Quid-

98 1525 159 1562 quam
171 1524 207 1548 nes
219 1510 298 1548 coibunt
309 1514 361 1554 etc„
375 1507 418 1544 sine
436 1519 497 1545 causa
512 1507 600 1553 idonea3
616 1520 665 1547 nem
674 1509 745 1547 literas
756 1525 766 1552 s
777 1514 797 1546 et
807 1524 818 1547 e

97 1561 217 1609 saepissime
230 1560 328 1597 confusas
339 1571 382 1596 esse
396 1565 484 1596 constat.
512 1560 584 1606 (Conf.
595 1560 654 1598 Walr.
666 1560 710 1610 ipse
720 1561 747 1598 ad
754 1562 817 1599 Lucr.
829 1602 833 1606 ,

97 1614 132 1659 Vt,
141 1611 187 1652 546.
199 1618 220 1649 et
231 1614 277 1652 705.
292 1611 395 1649 Drakenh.
406 1611 432 1648 ad
443 1611 484 1651 Liv.
494 1611 533 1659 ΠΙ,
545 1612 577 1660 23,
589 1612 607 1650 3.
622 1612 704 1650 Bothius
714 1612 741 1650 ad
751 1612 818 1651 Plaut.

98 1665 162 1704 Poen.
175 1665 221 1704 370.
239 1664 265 1701 ad
281 1666 327 1703 Ter.
342 1665 418 1703 Heaut.
433 1665 468 1712 ΠΙ,
483 1664 501 1711 1,
518 1664 562 1701 102.
573 1665 626 1715 etc.)
654 1666 684 1701 De
699 1663 820 1715 antiquiore

99 1722 171 1753 autem
181 1716 251 1753 torma
261 1715 381 1766 imperfecti
391 1716 457 1754 scibat
467 1727 505 1764 pro
517 1716 603 1759 sciebat.
611 1715 671 1767 *quae
681 1715 751 1754 statim
762 1715 818 1762 redit

99 1781 119 1806 v.
133 1768 178 1806 951.
191 1773 212 1804 et
223 1769 287 1816 1001„
300 1780 342 1804 non
356 1780 406 1817 opus
417 1772 448 1804 est
456 1773 479 1803 ut
490 1765 565 1803 dicam.
591 1767 659 1814 Plura
665 1768 760 1818 exempla
773 1767 818 1805 col-

98 1817 151 1869 legit
165 1818 263 1858 Ruddim.
273 1821 322 1856 Inst.
334 1820 369 1857 Gr.
384 1821 399 1857 Ι,
412 1831 433 1867 p.
445 1819 490 1858 281.
504 1824 547 1855 not.
558 1819 590 1857 91.
604 1841 629 1849 -
643 1820 739 1869 molilier]
755 1818 816 1859 Vind.

98 1872 160 1908 Poor.
172 1870 220 1909 Brit.
228 1873 245 1909 1λ
253 1872 272 1910 3.
286 1872 346 1911 Cant.
358 1870 403 1908 Ald.
411 1872 428 1909 1.
443 1872 492 1906 Bon.
504 1872 614 1919 mollirier,
630 1872 716 1920 „minus
729 1870 817 1921 exquisi-

99 1928 128 1971 te,
141 1934 179 1962 nec
190 1922 278 1960 absurde
287 1924 381 1971 tarnen‚“
395 1928 418 1959 ut
428 1921 489 1960 Wak.
503 1928 583 1970 censet3
597 1924 645 1962 Ver.
656 1925 707 1962 Ven.
718 1925 816 1963 molliner.

151 1988 197 2026 933.
223 1991 302 2040 neque]
322 1986 351 2023 sic
368 1985 428 2025 Wak.
447 1999 495 2023 oum
509 1986 569 2023 Vind.
585 1986 637 2026 Brit.
652 1989 671 2028 1.
682 1985 705 2028 3.
722 1989 781 2026 Cant.
796 1993 817 2026 et

101 2038 182 2077 eunctis
194 2038 252 2089 editt.
262 2045 312 2087 vett.
326 2036 394 2088 (trix.
404 2038 493 2091 utque)‚·
507 2037 570 2089 vulgo
583 2053 626 2078 nec.

153 2105 197 2142 Vss.
209 2104 254 2144 935.
264 2109 285 2139 et
294 2105 339 2143 936.
366 2102 484 2140 Macrobius
501 2102 573 2141 laudat
588 2105 629 2143 Sat.
638 2105 675 2156 vt,
684 2105 703 2146 1.
713 2104 750 2143 fin.
768 2081 817 2143 cum

101 2152 159 2206 Virg.
171 2156 222 2194 Geo.
234 2157 261 2202 II,
272 2156 316 2194 500.
327 2160 466 2202 comparatos.

154 2208 198 2247 936.
224 2208 328 2259 plorabat]
343 2206 387 2244 Ald.
396 2210 413 2244 1.
426 2207 478 2245 Bon.
488 2207 591 2258 placarat·
604 2229 631 2237 -
642 2207 735 2261 pectora]
749 2208 816 2259 Lugd.

102 2259 121 2298 1.
134 2258 190 2295 Eodl.
201 2259 261 2298 Vind.
271 2259 320 2297 Brit.
332 2261 351 2300 2,
362 2260 381 2298 3Δ
394 2256 447 2296 Brln.
457 2258 505 2295 Ver.
515 2259 565 2297 Ven.
574 2270 671 2311 pertore.
683 2260 790 2300 mendose.

119 2324 129 2327 ”
155 2312 201 2350 937.
228 2314 339 2361 curabunt]
356 2312 417 2349 Poor.
430 2311 588 2351 Cant-curabor.
601 2332 626 2339 -
640 2313 736 2364 corpora]
750 2311 815 2363 Lugd.

102 2363 122 2488 Ξ)
135 2374 324 2476 Γῗὸίὸωῇυηιέεο]
343 2413 372 2452 sic
392 2414 453 2455 Wak.
475 2426 524 2452 cum
546 2414 642 2453 omnihus
661 2415 732 2464 libris3
754 2415 816 2468 vulgo

103 2470 208 2558 laenillii
227 2517 331 2568 Plurima]
346 2517 411 2556 Bentl.
422 2517 476 2558 coni.
485 2520 570 2568 Pluriu,
583 2531 702 2571 perperam.
