1690 2654
78 79 128 127 472
300 78 581 122 ANNOTATIONES

81 186 298 240 eumquegemellam
315 201 400 240 prorsus
414 188 485 227 iudico
499 187 531 227 illi
544 186 695 226 Lambinieuae
713 199 726 226 a
742 169 803 226 Wak.

81 241 157 279 merito
167 240 264 290 explosae
274 241 309 289 Vl,
319 243 364 281 396.
380 241 432 290 [397.
444 247 530 278 nostrae
543 239 600 288 edit,
614 239 652 278 uhi
660 239 703 280 vid.
715 239 803 288 annoti]

80 290 201 331 Praeiverat
215 291 308 330 Bentleio
324 293 391 330 Faber
408 292 470 330 cont·
481 292 623 343 con-groco.“
656 291 691 329 Sic
709 292 805 334 Orellius,

82 343 141 380 cuius
155 348 216 380 cauto
228 348 249 381 et
262 343 332 382 sobrio
347 343 426 383 iudicio
442 342 478 382 hic
492 343 557 382 etiam
568 341 683 381 subscribo.
697 362 723 371 -
730 340 803 395 foris]

81 393 148 446 Lugd.
160 395 179 432 2.
195 394 262 447 forno.

133 460 166 498 23.
186 461 273 508 igitur]
286 456 418 507 Lactantius,
432 457 469 509 qui
480 461 539 501 Instt.
549 460 598 509 Vll,
608 459 640 500 27.
653 457 710 497 hunc
719 468 805 495 versum

83 522 134 550 cum
145 516 235 561 quatuor
246 510 381 561 sequentibus
394 509 473 558 laudnt,
486 513 603 555 nominant,-
623 510 671 560 „vel
681 508 804 548 memoriter

83 563 158 610 citans,
172 569 197 599 ut
206 562 267 601 ch.
277 567 355 608 censet,
369 560 481 611 veupotius
490 559 641 614 perfectiorem
651 575 676 601 ao
685 561 804 613 planiorem

83 626 169 654 sensum
181 613 207 651 de
217 613 279 652 solito
290 613 363 652 volens
375 612 484 657 efiicereff

136 677 169 718 25.
198 677 316 729 cupedinis]
335 674 365 713 sic
374 676 424 715 Brit.
438 677 456 715 1.
466 677 486 716 2.
496 676 549 727 Brun
560 675 606 715 Ald.
618 678 636 716 1.
647 677 667 716 2.
678 679 729 716 Bon.
736 679 804 725 lunt,

85 734 108 768 et
122 728 219 780 proxime
233 727 260 771 nd
274 739 309 764 eos
326 726 385 766 Vind
398 729 459 765 Poor,
471 726 520 767 urit.
530 729 550 766 2.
562 728 610 765 Ver.
623 731 674 768 Ven.
690 730 792 781 cupidinis
796 738 820 772 5·

85 784 144 821 Cant.
157 786 178 818 et
187 789 240 817 unus
250 777 300 816 Cod.
311 778 416 816 Lactantii
428 777 482 827 (vid.
495 780 523 816 Le
533 780 592 817 Brun
602 792 623 827 p.
634 780 692 828 590.)
706 782 805 832 cuppedi-

84 836 130 879 nis,
150 838 175 869 ut
189 830 246 882 vulg.
261 828 319 870 editt.
335 835 356 868 et
371 829 435 868 Orell.
449 828 554 869 exhibent.
581 830 643 869 Wak.
658 843 682 868 ex
694 843 737 868 uuo
752 827 804 869 God.

84 882 189 923 Lactantii
205 883 267 931 (cum
281 894 322 932 quo
332 888 404 919 tamen
419 881 485 934 Lugd.
501 883 533 931 2.,
544 880 624 921 collatt.
639 882 728 928 Heinsii‚
748 891 812 921 narn·

84 935 144 973 lectt,
155 932 250 972 Iuntinee
264 939 285 971 et
295 933 371 985 reliqui
382 932 445 972 Godd.
455 933 566 980 Lactantii‚
579 936 693 986 torpedinis
701 933 805 984 praeben-

84 992 123 1034 tes,
137 984 270 1035 conspirant)
282 984 347 1022 edidit
356 987 475 1037 turpedinin
495 984 607 1036 Vulgatam
616 985 680 1031 verul,
694 984 805 1035 quodiam

86 1037 149 1075 Orell.
162 1035 322 1087 animadvertit,
341 1035 385 1075 loci
400 1038 422 1088 I,
433 1037 491 1078 1081.
505 1037 614 1088 IV‚1086.
631 1041 652 1076 et
662 1038 692 1088 V,
703 1034 736 1078 46.
754 1036 804 1076 satis

87 1088 201 1128 defendere
210 1087 314 1126 videntur.
475 1115 477 1118 ι

138 1152 171 1192 27.
197 1151 292 1201 tramite]
309 1150 429 1190 Lactantius
445 1152 522 1203 (quem
538 1153 592 1191 lunt.
607 1150 723 1204 sequitur,)
733 1152 804 1202 limite,

85 1205 159 1243 locum
169 1202 292 1240 memoriter
301 1203 403 1249 afferens3
416 1216 469 1242 unus
476 1210 549 1241 tamen
560 1203 611 1242 (iod.
623 1206 714 1252 tramite·
726 1204 805 1255 quode

85 1253 180 1295 Lucretii
196 1253 259 1292 Godd.
277 1259 396 1293 correctum
411 1260 509 1305 puto-
522 1269 587 1307 parvo
598 1254 659 1294 Waln
674 1254 766 1293 restituit
780 1268 805 1294 ex

86 1306 183 1345 omnihus
193 1303 265 1352 lihris;
284 1305 348 1356 vulgo
355 1320 432 1358 prono,
445 1310 470 1343 ut
479 1305 524 1344 sola
533 1305 598 1353 lunt,
621 1317 674 1356 quae
685 1311 756 1344 tamen
767 1319 805 1344 ve·

85 1371 133 1396 ram
147 1356 273 1408 scripturam
285 1356 347 1395 effert
360 1357 417 1395 inter
431 1369 488 1396 verr.
498 1356 569 1405 lectt,;
591 1356 677 1409 quidam
688 1357 751 1397 Godd.
762 1359 805 1397 La-

86 1408 160 1449 ctantii
171 1423 231 1461 puro.

137 1462 170 1501 28.
196 1458 282 1509 „rectol
301 1458 367 1512 Lugd.
377 1460 397 1499 2.
411 1470 480 1508 recta3
493 1470 539 1499 nec
555 1457 646 1497 multum
660 1458 768 1511 displicet,
780 1466 805 1499 ut

85 1522 143 1552 recto
153 1513 274 1551 contendere
284 1526 344 1550 cursu
355 1511 382 1549 sit
391 1511 448 1551 reotci
457 1510 494 1550 vit
503 1525 595 1559 currere,
609 1510 646 1548 sed
655 1517 741 1562 recepta
751 1512 807 1551 sim-

84 1563 173 1613 pliciora
182 1569 230 1601 sunt
239 1568 260 1601 et
271 1562 381 1604 clariora.“
394 1565 426 1604 W
429 1565 467 1603 ak.
481 1583 507 1592 -
520 1562 654 1611 contendere]
666 1559 716 1602 urit.
725 1564 746 1603 3.
758 1563 804 1601 nid.

85 1616 104 1656 2·
117 1617 234 1665 concedere·
337 1622 338 1625 ’

138 1677 170 1717 30.
201 1678 259 1724 Quod
267 1679 344 1728 flueret
358 1677 463 1724 naturali]
482 1675 512 1716 sic
527 1675 588 1717 Wak.
605 1687 617 1714 e
633 1674 730 1728 plurimis
745 1675 804 1715 libris

85 1728 191 1775 restituit,
204 1729 259 1766 mira
268 1735 340 1767 tamen
350 1727 524 1780 interpretatione
536 1727 620 1766 addita:
638 1726 671 1777 ,‚i.
684 1739 702 1768 e.
713 1729 804 1767 naturali

82 1783 144 1835 fluxu
159 1780 193 1816 vel
205 1782 288 1830 fluore5
305 1780 402 1826 nomine,
419 1786 444 1816 ut
455 1778 482 1817 fit
496 1778 627 1829 saepissime,
646 1778 702 1816 intra
716 1779 805 1818 verbum

87 1830 261 1880 comprel1enso.“
286 1833 366 1883 Aperte,
379 1837 451 1880 autem
460 1829 566 1882 iungenda
581 1835 631 1868 suut
641 1832 734 1870 naturali
748 1846 804 1877 casu,

86 1882 143 1934 quod
160 1882 225 1920 etiarn
240 1881 302 1921 Orell.
323 1882 383 1922 vidit.
414 1880 472 1921 Libri
492 1881 609 1933 paullulum
625 1880 690 1919 modo
710 1881 803 1920 variant:

87 1934 157 1984 Quod]
176 1933 226 1972 Brit.
236 1935 256 1972 Ξ.
275 1937 334 1984 Quid.
348 1952 374 1963 -
388 1935 477 1986 flueret]
499 1932 561 1974 Vind.
577 1934 636 1970 Poor.
651 1931 700 1971 Brit.
716 1934 733 1972 1.
749 1935 769 1974 2,
784 1935 805 1975 3,

88 1987 148 2024 Cant.
165 1985 218 2024 Brix.
233 1987 280 2024 Ver.
297 1987 349 2024 Veri.
362 1985 437 2037 fuerit.
452 2006 479 2014 -
490 1985 596 2033 naturali]
615 1982 665 2022 Brit.
677 1985 697 2022 2.
713 1990 804 2025 naturai.

87 2057 113 2065 -
127 2038 238 2090 varieque]
256 2035 544 2078 Ald‚1.u.uon.1unt.oiro
560 2046 628 2087 atque.
654 2034 723 2083 Vulgo
736 2036 805 2075 editur

88 2089 318 2140 Qnodflueretnocuroe
327 2090 406 2134 vieto,
417 2098 428 2124 e
438 2085 511 2124 Lamb.
523 2086 655 2133 coniectura3
669 2086 739 2128 Gilen.
748 2086 804 2127 coni.

88 2141 146 2189 Quod
152 2142 178 2191 fl.
189 2142 284 2187 natural,
298 2139 356 2190 quod
366 2150 429 2176 nemo
438 2137 542 2188 intelligit,
556 2137 634 2176 Faber:
651 2140 708 2188 Quod
715 2140 741 2190 fl·
753 2154 804 2193 per·
840 2141 844 2146 ’

87 2202 204 2239 manenter,
218 2191 252 2228 vel
262 2196 291 2230 Et
296 2194 323 2243 fl.
331 2193 471 2244 permutatim,
485 2187 579 2228 Vossius:
597 2191 656 2239 Quod
659 2193 685 2240 fl.
698 2194 804 2238 Fortunoi‘,

88 2241 146 2293 qnod
156 2243 204 2282 Hau.
213 2242 236 2280 in
246 2249 368 2282 contextum
379 2241 471 2291 recepit,
482 2240 523 2278 hoc
533 2252 608 2279 sensu:
623 2240 734 2291 „tilulum⁷
748 2242 805 2293 quod

87 2306 125 2332 seu
142 2305 203 2342 casu,
222 2306 259 2333 seu
274 2295 294 2335 vi
308 2296 413 2333 Fortunae
429 2293 506 2335 flueret
520 2291 619 2344 varieque
635 2292 735 2332 volaret“
751 2299 804 2342 etc.;

87 2345 264 2396 Bentldenique
282 2346 335 2385 coni,
351 2348 410 2393 Quod
418 2347 445 2397 fl
461 2345 555 2382 naturali
569 2347 660 2391 ratione,
679 2347 769 2395 notaret,
784 2351 805 2384 et

87 2396 176 2435 Creech.
186 2395 283 2436 libentius
293 2407 379 2436 omnem
392 2408 476 2434 versum
487 2394 578 2432 deletum
588 2395 679 2433 vidisset.
704 2396 762 2434 Nihil
773 2403 805 2435 ta-

86 2461 137 2489 men
147 2448 169 2489 iu
178 2447 281 2489 librorum
288 2449 387 2498 lectione,
400 2447 464 2488 modo
475 2452 533 2486 recte
545 2446 666 2498 explicetur,
679 2448 805 2488 mutandum
