1690 2654
67 45 136 79 xxxa
241 16 327 79 'riri
341 31 494 79 cocunru
511 32 585 80 carn
599 47 616 101 i}
670 9 685 34 ⁰

69 148 111 194 tici
125 148 210 207 aliique
223 146 350 206 scriptores
369 147 469 205 antiqui,
479 193 482 195 ,
492 147 632 201 testimoniis
648 163 661 193 e
673 147 785 194 Lucretio

68 212 163 271 petitis,
185 214 211 255 ut
228 210 253 254 in
270 211 436 255 commentario
453 212 596 267 videbimus,
621 212 796 271 lubentissimex

68 279 174 330 utentes,
192 273 281 318 nullum
298 274 347 318 cius
364 274 451 320 librum
465 276 529 321 ultra
540 278 631 332 sextum
647 271 800 320 commemo?

68 341 132 395 rant,
149 337 252 395 quamvis
270 352 378 382 numeros
391 338 517 394 librorum,
541 339 604 384 unde
619 339 682 384 locos
700 338 783 383 allatos

68 402 206 459 sumserint,
223 401 360 460 saepissime
371 402 509 462 adiungaut,
527 417 612 462 eosque
623 402 745 447 hodiernis
755 401 784 446 li-

68 464 164 509 brorum
180 465 282 509 numeris
298 480 395 523 prorsus
407 470 569 524 congruentes.
600 466 696 524 Aliquot
707 468 784 511 antem

67 542 149 582 versus
166 529 196 574 ab
212 529 242 573 iis
254 528 357 587 laudari,
369 526 414 587 'qui
427 530 452 574 in
463 544 505 575 serr
515 529 582 585 libris
599 530 667 574 nobis
684 529 782 574 servatis

67 607 115 638 nou
124 592 279 649 inveniantur,
298 592 344 637 hoc
354 593 456 652 opinioni
467 593 502 637 illi
512 593 572 637 nihil
581 593 694 652 ponderis
706 592 782 650 affert,

68 670 138 714 quum
154 656 218 701 idem
233 655 284 700 aliis
299 670 389 714 quoque
405 656 558 716 scriptoribus
578 656 703 714 acciderit,
727 669 782 713 quo-

29 770 33 775 ,
66 733 120 763 rum
130 719 205 764 libros
219 720 307 777 aliquos
317 719 436 764 interiisse
447 734 514 764 nemo
525 720 655 779 suspicetur
666 715 709 781 1⁶)
726 719 782 776 Qui-

67 783 111 827 bus
127 783 233 826 omnibus
253 782 393 826 sententiam
409 783 439 827 de
454 782 522 828 libris
541 783 659 828 nonnullis
675 783 781 829 Lucretii

52 892 54 896 ,
68 846 197 907 deperditis
207 845 264 890 satis
278 860 393 905 superque
405 846 531 890 refutatam
542 860 670 892 censemus.
692 872 694 875 <

131 910 238 955 Alterum
256 923 323 965 vero,
348 909 409 968 quod
425 909 584 954 refellendum
599 912 668 969 puto,
684 907 788 962 Eusebii

66 972 127 1018 iilud
135 976 171 1017 est
183 975 345 1029 commentum,
361 972 466 1017 Lucretii
475 973 580 1026 carmina
592 988 605 1018 a
618 973 732 1017 Cicerone
744 986 787 1021 esa

66 1051 94 1082 se
111 1037 192 1081 limata
210 1038 280 1094 atque
294 1035 430 1092 emendata3
456 1036 518 1095 quod
537 1036 576 1095 qui
591 1051 671 1080 verum
686 1036 780 1093 habeat,

67 1103 107 1153 aut
123 1100 270 1158 Ciceronem,
295 1102 334 1143 aut
344 1099 557 1144 Lucretiioarmen
572 1100 665 1156 ignoret
683 1112 780 1144 necesse

67 1167 111 1208 cst.
143 1163 199 1221 Quis
212 1164 274 1207 enim
283 1162 406 1221 probabile
416 1163 533 1221 censebit,
541 1163 698 1218 Ciceronem,
715 1173 780 1208 acer·

65 1226 151 1271 rimum
167 1226 263 1271 scholae
278 1222 408 1285 Epicureae
423 1227 596 1285 adversarium,
612 1230 679 1272 aucta
695 1225 780 1271 horum

66 1290 194 1335 carminum
210 1289 324 1335 suavitate
341 1292 365 1333 et
383 1288 499 1347 elegantia
514 1290 576 1335 cives
591 1303 645 1335 snos
663 1304 691 1334 eo
705 1289 779 1346 magis

66 1353 97 1398 ad
114 1353 213 1410 legenda
228 1357 252 1399 et
267 1353 430 1411 amplectenda
445 1353 543 1412 Epicuri
558 1354 666 1410 dogmata
683 1352 783 1406 ellectu·v

61 1431 117 1460 rum
128 1417 220 1460 fuisset
243 1417 293 1474 quis
305 1416 450 1474 Ciceronem,
466 1417 559 1477 etiamsi
569 1412 687 1474 voluisset,
703 1416 729 1459 id
737 1429 783 1474 pof
816 1411 819 1416 ’

65 1480 139 1526 tuisse
149 1480 271 1539 probabit,
288 1493 356 1538 quem
372 1480 448 1524 omnia
459 1479 506 1525 alia
519 1480 597 1539 potius
608 1479 694 1536 fuisse,
711 1493 779 1538 quam

65 1547 165 1603 poetam,
182 1543 297 1588 neminem
306 1543 399 1587 lateat‘l
416 1544 466 1601 quis
474 1557 554 1602 porro,
564 1549 633 1601 'quum
642 1543 779 1586 Ciceronem

66 1609 96 1654 de
112 1622 138 1652 se
150 1608 202 1666 ipso
219 1606 351 1664 studiisque
362 1607 414 1651 suis
430 1607 488 1651 satis
497 1607 620 1665 magnifice
632 1606 739 1667 sensisse,
754 1608 779 1650 et
816 1623 819 1629 ·

39 1693 41 1715 ,2
66 1671 145 1728 quavis
163 1670 285 1715 occasione
300 1669 379 1714 oblata
391 1670 475 1714 merita
484 1684 526 1714 sua
541 1684 611 1727 quum
623 1669 648 1713 in
661 1669 778 1713 civitatem

65 1737 115 1778 tum
133 1733 158 1778 in
177 1728 259 1779 literas
278 1746 325 1776 non
340 1733 491 1778 mediocriter
510 1732 661 1792 praedicasse
678 1735 777 1787 constet,

65 1796 126 1842 hunc
135 1797 210 1841 virum
225 1798 256 1842 de
267 1810 349 1855 opera,
364 1796 469 1844 Lucretii
484 1796 624 1842 carminibus
640 1798 735 1850 navata,
752 1795 777 1841 in

65 1860 117 1905 loco
135 1861 176 1905 illo
189 1859 340 1920 epistolarum
357 1860 387 1904 ad
402 1860 512 1917 Quintum
524 1859 636 1916 fratrem,
651 1858 689 1918 rel
706 1858 727 1902 si
739 1872 776 1903 se«

65 1924 115 1968 rins
124 1938 203 1969 curam
212 1923 241 1967 iis
251 1923 403 1982 impenderit,
420 1920 497 1985 (quod
507 1937 563 1967 sane
576 1922 725 1966 statuendum
734 1936 776 1980 pu-

65 1990 152 2042 tarem,
167 1987 188 2031 si
199 1985 291 2030 omnino
306 1986 351 2030 hac
363 1987 393 2030 de
403 2001 430 2030 re
440 1986 544 2042 cogitare
558 1981 670 2045 liceret,)
686 1985 711 2028 in
723 1985 775 2029 aliis

65 2049 134 2095 libris
150 2050 225 2093 serius
244 2048 336 2106 scriptis
346 2063 441 2106 prorsus
456 2049 587 2102 reticuisse,
605 2046 720 2091 credibile
732 2047 775 2091 lra-

65 2110 198 2175 bcbit1⁷)‘t
215 2111 254 2170 qui
266 2110 364 2170 denique
376 2111 473 2167 factum,
489 2113 516 2155 ut
528 2109 636 2169 aequales
647 2123 726 2156 omnes
736 2111 774 2165 rel

117 2223 158 2273 16)
173 2223 229 2262 Conf.
240 2224 292 2263 Diss.
304 2238 358 2264 meae
370 2224 395 2263 de
406 2225 463 2263 Lucr.
475 2223 584 2262 sectioni:
595 2237 614 2275 p.
624 2224 728 2270 75-89.,
741 2223 775 2262 ubi

45 2299 48 2303 ι
64 2274 130 2335 plures
147 2275 239 2314 eiusmodi
252 2276 304 2316 locos
319 2291 331 2317 e
345 2277 416 2329 duplici
425 2277 493 2328 operis
502 2276 615 2315 recensione
625 2276 722 2316 deducere
732 2277 773 2315 stu-

65 2327 105 2366 dm'
118 2379 160 2430 17)
178 2378 221 2420 Hac
238 2382 368 2449 argumentum
385 2379 473 2435 inprimis
487 2382 561 2432 urgent
578 2377 735 2429 Meineckius
753 2377 774 2419 in
