1690 2654
92 121 141 167 430
293 120 571 163 ANNOTATIONES
594 130 597 137 ¹

144 231 189 269 787.
218 224 376 282 Quadrupedem
388 231 494 276 membris]
513 229 543 268 sic
557 229 615 269 Wak.
627 228 716 280 (Eichst.
730 227 807 276 Orell.)

94 295 141 320 cum
154 280 250 318 omnibus
260 282 331 327 libris3
344 284 394 319 Hav.
401 295 450 320 cum
456 282 511 334 vulg.
521 282 578 319 editt.
592 280 668 327 Quadi.
677 284 699 320 iu
709 281 807 320 membris.

143 334 188 372 789.
216 335 264 372 inde
280 334 332 383 loci]
354 334 412 371 Gonf.
428 346 490 384 supra
505 333 532 370 ad
549 347 567 371 v.
583 332 667 372 431-
682 334 758 378 corda]
777 331 808 369 sic

92 384 153 423 Wak.
163 383 228 422 edidit
242 397 267 422 ex
276 398 318 423 uno
330 386 379 424 God.
390 386 463 434 Poon,
478 385 546 436 quod,
559 390 632 435 utpote
642 383 767 435 elegantius,
782 395 807 420 eo

91 436 158 487 magis
172 436 296 475 servandum
304 438 364 486 duxi,
379 439 444 488 quum
455 437 518 476 etiam
528 436 633 489 Virgilius,
647 440 760 486 perpetuus
768 435 808 472 Lu-

92 488 153 527 cretii
165 488 266 537 imitator,
281 490 331 527 Geo.
343 493 359 536 I,
372 491 417 530 330.
434 492 530 538 mortalia
539 491 602 529 corda
615 488 693 526 habeat
703 500 742 539 pro
753 502 808 526 mor-

92 543 157 586 tales,
178 547 199 577 et
216 541 325 579 Lucretius
340 540 411 590 paullo
426 541 514 579 inferius
527 542 601 582 nutu.
618 540 692 579 eodem
708 538 810 590 loquendi

92 590 184 630 circuitu
195 591 221 630 de
233 593 318 631 canibus
328 593 409 631 utatur?
422 594 533 633 levisomna
547 608 620 632 cauum
636 594 705 631 corda.
731 589 809 641 Vulga-

91 643 121 682 ris
130 643 195 682 lectio
207 647 303 684 mortalia
310 646 385 691 saecla,
399 656 463 694 quam
473 644 642 694 Eichst.'quoque
653 648 674 680 et
685 641 746 681 orell.
756 642 809 679 reti-

92 703 197 743 nuerunt,
209 695 310 732 facillime
322 694 418 730 substitui
429 694 499 743 potuit
510 707 535 731 ex
546 699 578 742 (1,
591 695 662 743 1091.)
675 691 772 740 u‚1154.
785 695 809 738 V,

93 749 138 786 803.
151 754 202 794 etc,
215 745 310 796 inprimis
322 745 340 782 si
350 744 459 783 delicatior
470 744 544 797 aliquis
557 745 655 784 librarius
667 745 778 799 offenderit
786 744 809 782 in

92 799 161 837 verbis
175 798 291 836 coniunctis
304 799 366 836 corda
380 799 456 836 coorta.
491 811 493 813 ·

145 851 190 890 790.
218 849 300 898 coorta]
322 848 374 886 Brix.
385 850 432 890 Ver.
440 851 490 899 Ven.
501 847 546 888 Ald.
559 850 578 887 1.
589 849 642 887 Bon.
655 858 732 898 oseam.

144 903 190 941 791.
217 903 269 950 Cum
280 902 339 937 huius
350 913 421 938 versus
430 900 534 944 sententia
546 901 601 938 conf.
613 903 639 948 Il,
652 897 711 940 1154.
722 911 742 940 S..

145 953 190 993 794.
215 953 275 1002 site]
290 952 350 991 Vind.
363 956 382 992 si
393 955 424 992 de.
443 975 468 981 —
487 952 595 1005 quoniam]
611 953 659 992 Ver.
675 952 727 989 ten.
744 965 809 1003 quom,

94 1004 145 1043 Brit.
156 1006 175 1045 2.
187 1020 239 1053 eum,
253 1005 313 1043 Poor.
324 1007 430 1059 quomodo.
444 1026 471 1033 -
483 1004 542 1055 sunt]
555 1006 574 1043 V
576 1016 603 1042 er.
611 1005 663 1042 Ven.
675 1003 721 1044 Ald.
731 1004 749 1042 1.
759 1005 810 1042 Bon.

94 1068 143 1097 tint·
515 1065 516 1070 ’
696 1072 699 1076 ·

146 1108 191 1146 798.
218 1106 310 1153 maiora]
328 1104 359 1143 sic
373 1107 432 1144 Bodl.
448 1110 509 1147 Poor.
524 1106 573 1144 Brit.
585 1107 603 1145 1.
617 1108 672 1144 Iunt.
689 1111 710 1144 et
724 1104 769 1142 Ald.
778 1104 809 1152 23

95 1158 164 1197 ceteri
177 1168 249 1196 omnes
266 1159 353 1204 maiore,
368 1158 452 1196 vitiose.
465 1181 487 1187 -
502 1160 589 1205 adulta]
603 1157 632 1195 ita
643 1157 704 1197 Wak.
720 1155 810 1205 (Eichst.

96 1209 172 1258 Orell.)
189 1221 238 1246 cum
251 1207 347 1245 omnihus
359 1208 429 1256 lihris;
447 1210 504 1261 vulg.
518 1209 576 1248 editt.
588 1210 672 1258 adulto,
681 1210 758 1257 locum
767 1221 811 1246 non

94 1269 153 1300 recte
167 1260 284 1310 capientes,
304 1271 367 1309 quem
377 1261 437 1299 Wak.
451 1267 509 1299 recte
525 1261 556 1298 sic
568 1261 681 1298 construit:
699 1262 779 1310 „plura
790 1265 812 1297 et

95 1314 175 1351 maiora
189 1317 274 1359 coorta,
289 1313 374 1358 adulta,
387 1311 400 1351 i.
414 1324 431 1351 e.
444 1312 471 1350 nd
481 1325 541 1350 suam
557 1311 723 1364 magnitudinem
733 1311 811 1363 perdu-

95 1372 136 1415 cta,
150 1362 226 1401 tellure
238 1374 300 1410 nova,
314 1367 376 1412 atque
389 1363 474 1402 aethere
486 1364 577 1414 (novo)·“

147 1416 192 1454 801.
218 1413 296 1451 Eadem
306 1414 408 1453 sententia
416 1415 460 1453 iam
471 1416 540 1453 adfuit
549 1416 585 1464 IV,
596 1415 629 1455 56.

147 1468 192 1506 803·
222 1471 272 1505 Tum
287 1467 340 1515 tibi]
358 1467 408 1507 Brit.
420 1469 440 1506 2-
460 1469 580 1515 Tunetibi,
596 1465 642 1507 Ald.
656 1466 674 1506 1.
691 1468 741 1504 Bon.
758 1466 811 1504 lunt.

96 1522 154 1559 Tune
165 1520 201 1557 ibi.
310 1530 311 1533 ’
378 1526 381 1530 ’

147 1569 191 1609 805.
218 1569 277 1618 Hoe]
296 1567 328 1617 ‚,i.
343 1580 360 1607 e.
372 1568 429 1617 ideo,
443 1581 505 1620 ergo;
524 1582 566 1606 non
582 1569 702 1616 hoemodo,
715 1573 739 1604 ut
753 1573 811 1604 ratus

96 1627 127 1658 est
137 1621 213 1657 Wak.“
230 1622 309 1658 Orell.
335 1620 368 1657 Sic
377 1628 447 1673 autem
457 1622 516 1659 Wak.
529 1620 594 1658 edidit
604 1619 685 1670 eLugd.
695 1622 713 1658 1.
722 1620 741 1657 2.
751 1620 812 1657 Poor.

96 1672 145 1710 Brit.
157 1673 176 1710 2.
187 1674 205 1710 3.
221 1672 293 1718 Cant.;
316 1671 372 1710 Bodl.
382 1673 443 1710 Vind.
453 1672 503 1712 Brit.
516 1674 533 1711 1.
552 1671 597 1722 Ald.
609 1673 627 1711 1.
639 1674 689 1709 Bon.
708 1669 773 1717 Hinc,
787 1675 812 1707 ut

95 1723 173 1774 vulg03
188 1722 240 1759 ssrix.
251 1723 299 1759 Ver.
310 1725 361 1762 Ven.
371 1725 426 1763 Iunt.
437 1728 501 1772 Haec,
516 1722 560 1762 Ald.
570 1725 589 1762 2.
600 1728 658 1762 Ecce·
677 1722 746 1761 Bentl.
758 1721 811 1759 coni.

96 1777 129 1814 liic
144 1772 301 1820 adverbialiter,
320 1786 435 1824 provocans
451 1775 482 1813 ad·
496 1777 536 1821 VI,
551 1772 596 1814 274.
610 1771 656 1815 446.
670 1774 715 1813 687.
734 1794 759 1801 -
778 1775 813 1812 ubi

96 1825 195 1879 quaeque]
210 1827 267 1863 Cant.
278 1826 402 1879 ubiquoque5
416 1826 546 1880 quareWak.
556 1826 610 1868 noui,
621 1828 758 1882 ubiquumque,
769 1837 812 1863 non
839 1869 844 1872 ,

95 1878 153 1915 male
164 1876 256 1927 quidem,
270 1876 307 1914 sed
316 1883 387 1916 tamen
397 1889 482 1930 praeter
494 1876 646 1920 necessitatem.
716 1875 724 1881 ⁶

149 1930 193 1968 805.
221 1939 319 1977 „terram
339 1943 388 1969 casu
401 1931 475 1980 tertio,
489 1934 604 1980 radicibus,
622 1936 693 1980 sext03
708 1929 738 1968 ita
753 1936 812 1969 certe

96 1981 168 2020 iocum
183 1982 285 2019 intellexit
298 1983 423 2022 Censorinus
438 1998 455 2025 c.
470 1984 490 2023 4.
510 1988 611 2036 Epicurus
624 2005 649 2011 —-
663 1984 751 2022 credidit
766 1984 812 2022 limo

97 2035 199 2085 calefacto
211 2042 279 2072 uteros
289 2038 356 2072 nescio
372 2050 423 2086 quos
435 2039 539 2075 radicibus
549 2047 615 2073 terrae
627 2037 756 2073 cohaerentes
767 2038 812 2085 pri-

97 2102 149 2125 mum
161 2085 292 2123 increvissef‘
307 2087 387 2124 Orell·
417 2091 490 2126 Terrae
500 2088 570 2124 autem
582 2084 668 2135 plurimi
677 2084 727 2137 libri
736 2087 813 2123 Lucre-

98 2137 122 2175 tii
133 2143 153 2174 et
165 2137 274 2183 Lactantii,
289 2137 325 2187 qui
336 2138 385 2174 Inst.
398 2138 426 2185 II,
438 2137 506 2177 11111.
519 2138 574 2175 hunc
586 2149 668 2175 versum
680 2137 812 2187 affertsup-

98 2188 201 2239 peditent,
215 2189 280 2238 Lugd.
292 2191 309 2226 1.
321 2191 340 2227 2.
353 2189 401 2225 Brit.
413 2192 432 2228 3.
444 2193 489 2228 Ver.
499 2193 548 2227 pen·
561 2201 643 2237 terram,
657 2188 713 2236 quod
724 2188 812 2226 fortasse

99 2247 169 2277 ortum
182 2252 192 2276 e
205 2240 285 2290 vulgari
296 2239 386 2278 lectione
399 2248 419 2278 et
429 2254 524 2290 praepos.
536 2243 570 2288 in,
588 2253 651 2291 quam
663 2240 742 2278 hahent
751 2240 811 2278 Cant.

99 2298 120 2328 et
131 2296 183 2329 lunt.
194 2298 241 2328 ante
252 2293 360 2330 radicibus.
381 2292 440 2332 Wak.
451 2294 524 2341 (quem
536 2291 611 2330 Eichst.
622 2291 723 2342 sequitur)
734 2303 758 2329 ex
770 2304 812 2330 uno

99 2342 148 2381 God.
160 2345 217 2380 Cant.
228 2347 248 2378 et
259 2342 363 2380 nonnullis
374 2345 476 2381 Lactantii
488 2344 554 2383 Codd.
563 2343 629 2381 edidit
644 2344 706 2382 tend.

151 2394 196 2433 807.
225 2396 295 2442 aetas]
308 2395 367 2434 Vind.
378 2397 426 2432 Brit.
437 2398 455 2435 3.
469 2397 529 2434 Cant.
541 2396 592 2433 Brix.
601 2397 648 2433 Ver.
659 2396 711 2432 Ven.
723 2405 799 2433 aestas.

151 2448 196 2485 808.
222 2445 333 2495 tumorem]
355 2447 398 2485 Atd.
410 2450 428 2487 1.
444 2451 493 2486 Bon.
511 2451 599 2487 humore.
615 2445 639 2476 ss
650 2445 762 2498 petissent]
783 2444 813 2482 sic

99 2509 171 2537 omnes
182 2495 282 2545 editores3
300 2497 378 2537 rectius
389 2505 459 2538 tamen
468 2499 557 2543 sortasse
574 2498 702 2548 scriberetur
709 2509 813 2551 petessens
