1690 2654
89 89 148 144 ιιιἸ
277 86 318 126 on
335 53 614 128 aeunornrrunr
646 101 648 104 ·

154 200 177 240 In
192 195 265 237 somnis
278 194 354 233 animos
366 194 470 235 hominnm
482 197 577 238 frustrata
589 201 668 239 tenere.

155 253 187 297 Et,
201 248 344 307 qu'ciquourqne
357 247 398 287 dies
410 251 484 290 multos
497 264 521 289 ex
534 251 601 289 ordine
612 251 677 291 Iudeis
721 248 723 250 ¹

104 304 143 346 975
155 301 249 342 assiduas
263 298 351 337 dederint
343 302 443 349 toperas,
456 304 572 353 plerumque
584 303 682 352 videmus,

156 352 240 403 Quom
234 365 276 398 ram
289 352 403 391 destiterunt
396 358 440 391 tea
453 355 540 394 sensibus
555 368 670 405 usurpare,

155 406 249 446 Relicnas
261 408 328 442 tamen
341 417 370 443 ess
372 417 383 442 e
394 405 437 444 vias
449 406 470 444 in
482 412 549 446 mente
560 408 663 458 potenteis,

156 460 202 508 Qua
214 471 252 508 pos
242 456 291 496 ssint
303 456 373 502 eadem
384 470 452 501 rernm
464 459 569 499 simulacra
581 460 655 500 venire.

156 505 287 550 Permultos'
281 523 288 547 1
290 513 348 569 taqqe
360 510 401 548 olla
414 511 455 549 dies
467 512 536 550 eadem
550 514 679 551 obversantur

78 570 80 573 ’
104 562 144 605 080
157 562 294 608 Autcocolqs,
307 561 367 599 etiam
379 562 484 612 vigilantes
497 564 634 603 utvideantur
701 587 708 590 -
728 602 730 606 ,
772 577 774 579 ’
811 564 813 566 ’

157 617 242 654 Cernere
253 613 353 652 saltanteis
367 617 387 652 et
379 614 469 653 tmollia
482 617 571 654 membra
584 628 632 655 ιιιοι
633 613 699 662 enters,
729 651 733 655 ,

157 668 185 707 Et
197 666 286 704 citharae
292 665 395 725 nliqnidum
408 679 487 705 carmen
501 668 622 717 chordasque
634 664 742 715 loquentois

156 718 244 758 Auribus
256 716 357 765 accipere3
371 721 391 755 et
403 730 513 756 consessum
526 731 604 756 cernere
617 718 706 767 eundem,

155 771 288 817 scenaique
280 768 339 806 simul
350 769 417 806 varios
429 770 529 818 splendere
541 770 629 809 decores.
697 777 699 780 “

104 822 145 864 985
157 824 224 871 Usque
236 820 294 858 adeo
292 819 368 870 magui
380 820 441 858 refert
453 821 539 859 studium
551 826 611 872 atque
623 821 720 883 voluutas,

82 886 84 889 ¹
156 875 184 913 Et
196 872 285 922 quibus*
279 885 301 909 ιιι
312 873 371 910 rebus
384 872 495 911 consuerint
508 886 550 911 esse
565 874 653 923 operatei

157 926 201 967 Non
213 923 303 963 hominos
316 925 387 971 solum,
401 924 435 962 sed
446 938 494 963 vero
507 925 601 964 animalia
614 927 708 963 cuncta..
747 950 749 954 -

157 978 235 1028 Quippe
246 975 323 1015 videbis
334 989 393 1026 equos
405 976 553 1027 forteiaquem
565 979 656 1017 membra
667 975 760 1017 iacebunt

142 1069 143 1072 ,
156 1032 180 1070 In
193 1028 272 1076 somnis,
284 1029 354 1068 sudare
367 1034 432 1067 tamen
443 1029 555 1080 spirareque
568 1035 652 1080 semper,

105 1082 145 1124 990
157 1084 184 1122 at
196 1081 253 1132 quasi
264 1081 288 1119 de
300 1081 366 1131 palma
378 1093 465 1120 summas
478 1083 593 1121 contendere
605 1081 673 1131 vireis,
716 1105 718 1108 >

145 1136 198 1182 ,Aut
210 1132 268 1183 qnasi
279 1133 392 1172 carceribus
404 1134 507 1182 patefactis
519 1147 578 1185 saepe
589 1134 662 1184 quiete.

174 1186 332 1235 'tenentemque
343 1198 400 1224 canes
412 1186 433 1224 io
445 1185 501 1224 molli
513 1198 571 1236 saepe
584 1186 649 1236 quiete

158 1239 237 1278 lactant
249 1248 307 1276 crura
319 1241 385 1288 tamen
397 1236 468 1285 subito,
481 1250 577 1287 vocesque
588 1241 668 1287 repente

158 1291 247 1336 Mittunt,
261 1293 281 1328 et
293 1289 362 1327 crebro
374 1290 472 1328 reducunt
481 1289 562 1328 naribus
574 1302 639 1337 aures,
678 1304 682 1311 ’

107 1342 147 1385 995
159 1343 187 1380 Ut
198 1341 285 1391 vestigia
292 1341 315 1379 si
326 1345 404 1379 teneant
415 1341 495 1379 inventa
507 1342 606 1388 ferarum3

157 1392 348 1444 Experget'acteiqne
360 1396 467 1442 sequuntur
479 1392 547 1432 ἱιιιιιιίιι
559 1403 624 1443 saepe*

159 1447 267 1484 nervorum
279 1445 392 1492 simulacra,
404 1445 467 1495 fugae
479 1446 535 1493 quasi
547 1445 613 1484 dedita
625 1443 717 1492 ceruant3

158 1500 227 1537 Donec
239 1496 329 1535 discussis
338 1497 422 1535 redean
434 1496 533 1535 erroribus
544 1498 571 1535 ad
583 1510 610 1537 se
709 1505 710 1508 ’

159 1551 186 1589 At
178 1553 278 1594 tcousuct
279 1561 293 1588 a
270 1549 363 1587 tdcmn
373 1544 485 1587 catrdorum
497 1544 571 1588 blanda
587 1558 677 1599 propago

95 1601 148 1644 1000
160 1602 264 1642 Discntere
275 1603 295 1639 et
307 1613 377 1650 corpus
389 1601 480 1640 deterre
492 1601 590 1656 corripere
602 1600 632 1638 ius
633 1603 696 1647 tant;

161 1654 247 1695 Proinde
259 1652 314 1702 quasi
324 1653 403 1703 ignotas
411 1647 479 1691 facies'
488 1657 546 1702 atque
559 1663 595 1693 ora
607 1655 691 1692 tuantur

128 1706 195 1752 Et,
181 1710 250 1754 tque
263 1716 354 1765 quaeque
365 1704 430 1753 magis
445 1707 492 1742 suut
503 1717 572 1754 aspera
584 1700 719 1750 semiuiorun'r,

162 1758 215 1797 Tam
227 1756 325 1816 magisin
337 1756 410 1794 somnis
423 1756 491 1795 eadem
503 1755 579 1795 saevire
590 1768 692 1794 necessum
704 1756 738 1794 est.

188 1809 215 1848 At
227 1808 295 1847 variae
307 1807 388 1858 fugiunt
399 1807 433 1845 rol
433 1819 497 1856 nores,
509 1807 613 1857 pinnisque
624 1811 720 1858 repente

97 1860 157 1904 1005
163 1860 276 1901 Sollicitaut
289 1859 356 1898 divom
367 1862 413 1897 noct
414 1872 464 1898 orno
476 1861 639 1909 temporaneos,
771 1858 774 1860 ’

161 1912 270 1962 Accipitres
282 1924 351 1950 somno
363 1911 384 1949 iu
395 1910 464 1949 leni'
449 1924 466 1949 s1
477 1911 554 1961 proclia
566 1922 682 1964 pugnasque

162 1966 226 2005 Edere
238 1968 283 2003 sunt
294 1966 423 2013 persectantes
434 1963 529 2013 visaeque
540 1965 636 2002 volantes

190 2018 260 2063 Porro,
273 2016 378 2054 hominum
389 2018 471 2063 mentes,
484 2013 562 2074 magnis
574 2025 626 2064 quae
633 2012 720 2052 motibus
729 2010 796 2062 edunt,

162 2069 213 2119 Mag
200 2081 239 2106 gua
251 2045 320 2105 itidem
332 2080 389 2118 saepe
401 2067 422 2105 in
435 2067 513 2106 somnis
518 2065 633 2126 faciuntque
644 2069 760 2117 gerantque,

99 2119 151 2161 1010
163 2122 230 2171 Reges
238 2122 356 2169 expugnant,
371 2118 481 2168 capiuntur,
493 2116 670 2168 praeliamisceut,
713 2128 715 2131 ·

163 2172 246 2211 Tollnut
238 2173 372 2219 telamorem,
385 2169 441 2231 quasi
455 2183 473 2208 ιι
466 2162 599 2220 iugulentur
611 2168 689 2210 itidem„

164 2215 236 2263 Moitei
247 2223 365 2284 depugnant,
377 2221 502 2274 gemitusque
513 2221 613 2260 doloribus
626 2223 690 2271 edunt,
714 2262 716 2264 .

164 2275 191 2313 Et
203 2276 258 2324 qnasi
269 2276 379 2325 pantherae
390 2287 459 2313 morsu
469 2272 550 2317 saevive
560 2273 623 2313 leonis
654 2318 656 2321 v

165 2326 291 2374 Mandantnr,
304 2326 383 2388 magnis
395 2326 515 2373 clamoribus
528 2324 594 2365 omnia
606 2326 710 2378 complent.

100 2375 154 2421 1015
164 2376 236 2418 Multei
247 2378 271 2415 de
281 2380 360 2429 magnis
372 2392 409 2428 per
420 2381 511 2417 somnum
525 2377 581 2415 rebu'
588 2379 708 2429 ,loquuntur

165 2428 279 2488 Indicipqne
291 2430 322 2468 sui
333 2431 383 2469 facti
393 2443 487 2480 persaepe
497 2431 582 2468 fuere.-
667 2444 669 2476 ι

166 2479 237 2524 ΜιιΙι
219 2493 238 2520 er
249 2484 335 2522 mortem
346 2483 427 2535 obernrt,
440 2481 520 2537 mulsei,
530 2481 555 2520 de
565 2480 664 2532 montibus
675 2478 722 2522 altis
