1690 2654
74 53 111 86 111
235 35 469 86 ARGUMENTUM
484 36 567 83 LIBRI
583 36 624 85 ΙΙΙ.

75 154 148 201 altero,
163 153 214 205 quod
225 153 289 190 calore
300 151 389 203 privatus
402 152 422 188 et
435 149 521 202 spiritu,
535 151 590 189 homo
601 153 694 192 moriatur
707 151 738 202 [v.
750 151 789 192 122
816 159 818 161 ’

6 248 7 251 ,
73 206 167 256 -137].
185 206 265 247 -Verum
270 230 283 251 ,-
294 218 318 242 ue
327 203 427 242 vocabulis
437 203 546 253 promiscue
560 205 675 254 usurpandis
685 205 746 243 minus
758 204 789 241 di-

74 258 145 296 stincte
161 257 256 295 disserere
266 256 368 303 videatur,
383 255 477 302 ostendit,
493 255 573 293 animum
585 258 605 294 et
616 256 696 295 animam
706 256 757 295 inter
767 269 789 294 se

73 309 149 361 quidem
158 309 278 352 iunctissime
288 308 361 356 teneri,
371 308 414 350 ‘sed
427 308 535 346 animum
548 305 586 358 (ab
601 305 699 359 λογικόν)
711 306 788 359 praeci·

73 374 130 412 poam
145 374 188 398 esse
202 365 288 412 partem,
308 361 388 412 eiusque
403 360 575 399 domicilium=esse
588 361 608 398 in
622 361 684 399 me'dio
699 365 789 413 pectore,
820 373 824 376 ·

72 418 140 463 utpote
149 413 170 451 in
181 426 219 464 quo
230 412 344 451 affectiones
357 413 414 461 animi
425 413 529 459 exsistaut3
548 415 656 454 opimam
670 418 737 450 contra
748 410 787 462 (τὸ

73 461 221 517 ἅλογοὴρπ
242 468 303 504 totum
318 464 408 504 diffusam
423 478 505 516 corpuS,
525 464 549 503 ad
563 469 628 504 nutum
645 465 702 504 animi
714 462 789 503 moveri

32 553 38 558 ,
73 517 106 568 [v.
123 519 196 557 138—
206 518 263 568 181]¹
300 517 364 556 Animi
380 520 400 554 et
417 517 490 555 anirnae
505 520 593 556 naturam
606 530 717 569 corpoream
733 528 787 555 esse:

73 569 145 620 quippe
155 571 180 607 ab
195 570 257 607 anirno
267 570 323 619 tangi
338 571 429 616 animam,
444 582 499 619 quam
510 573 597 616 moveat,
617 571 641 607 ab
654 570 715 607 anima
724 572 788 606 autem

65 633 156 671 corpus:
174 621 245 659 nullum
254 635 312 668 vero,
326 621 364 660 nisi
377 621 428 659 inter
443 634 535 671 corpora,
550 625 658 659 contactum
676 622 702 671 [v.
713 623 751 659 162
760 642 788 648 -

73 674 131 722 1773.
157 672 207 711 Eum
223 685 336 724 corporeum
347 673 427 712 anirnum
443 673 529 723 componi
540 685 563 710 ex
573 673 640 711 atomis
650 671 787 718 minutissimis,

74 721 204 763 subtilissimis
215 730 235 762 et
243 725 323 762 manime
332 724 427 771 rotundis,
441 724 512 773 partim
523 737 547 763 ex
555 737 625 775 magna
633 725 702 763 mentis
711 723 787 762 mobili-

72 780 114 814 tate
126 777 158 825 [v.
172 776 311 826 1784031,
324 777 395 826 partim
405 789 429 813 ex
440 789 462 813 eo
474 776 623 824 demonstratur,
638 777 689 829 quod
700 775 786 828 corporis

72 828 142 867 mortui
152 828 219 866 eadem
230 828 267 875 sit,
287 841 337 878 qnae
350 827 388 866 fuit
401 828 497 873 viventis,
517 829 587 875 moles,
601 829 651 867 idem
666 829 740 878 pondus
755 828 786 877 [v.

45 906 48 910 ,
71 881 208 930 aot-aar}
235 881 279 919 Nec
290 893 337 919 vero
349 879 430 930 simplex
442 883 472 917 est
482 879 566 926 animus,
580 880 615 918 sed
626 880 720 918 conflatus
732 895 743 919 e
753 893 787 918 ca-

72 932 120 979 lore,
135 937 201 980 vento,
214 935 260 971 atre
270 934 290 970 et
306 932 345 970 alia
358 933 437 983 insuper
448 944 477 978 re,
492 944 541 982 quae
552 945 575 970 ex
588 931 711 979 tenuissimis,
724 932 787 970 minu-

72 984 151 1027 tissimis
162 989 181 1021 et
189 985 270 1022 maxime
279 984 380 1022 mobilibus
394 984 462 1023 atomis
475 988 576 1031 constans,
591 997 658 1022 sensus
671 985 787 1035 principium

73 1040 94 1075 et
103 1036 158 1086 origo
168 1041 198 1074 est
214 1037 240 1085 [v.
251 1037 291 1076 232
301 1058 327 1064 -
336 1036 390 1084 858]¹
417 1036 474 1081 Quae
485 1039 567 1085 quatuor
575 1049 607 1074 res
619 1036 647 1074 ita
657 1036 709 1075 inter
719 1050 741 1074 se
751 1036 787 1074 mi-

72 1092 162 1135 scentur,
176 1092 198 1125 ut
208 1101 275 1135 unam,
289 1101 324 1139 pro
336 1087 413 1126 diversa
427 1087 549 1126 animantium
566 1094 646 1136 natura,
661 1088 787 1127 substantiam

73 1140 161 1178 efficiant
174 1140 205 1189 [v.
216 1141 254 1180 259
265 1162 291 1168 -
300 1141 338 1180 323
345 1141 360 1188 ].
384 1139 412 1177 Et
419 1142 474 1177 tanta
486 1144 517 1176 est
526 1139 599 1179 animae
610 1145 630 1178 et
642 1141 728 1191 corporis
741 1153 788 1178 con-.

72 1191 156 1240 iunctio,
174 1195 196 1229 ut
207 1191 249 1230 sine
257 1191 357 1242 utriusque
368 1191 455 1243 pernicie
464 1191 552 1241 separari
562 1196 658 1243 nequeant
670 1193 702 1242 [v.
712 1192 751 1232 324
760 1213 787 1220 -

72 1244 132 1293 350}
158 1244 228 1294 Neque
237 1245 300 1282 anima
310 1243 370 1282 solum
379 1243 449 1290 sentit,
464 1243 499 1281 sed
509 1244 566 1282 etiam
578 1257 658 1294 corpus;
678 1256 712 1282 seu
721 1244 787 1296 potius

36 1319 38 1321 >
72 1299 134 1333 totum
143 1295 221 1342 animal,
231 1293 247 1333 ‘e
259 1308 340 1347 corpore
351 1300 371 1333 et
382 1294 444 1332 anima
455 1296 580 1345 compositum
597 1297 630 1344 [v.
641 1297 680 1335 351.
690 1317 717 1324 —-
725 1297 786 1341 37oJ.

72 1347 122 1385 Post
138 1347 186 1385 haec
202 1351 260 1398 poeta
275 1349 349 1385 refutat
361 1346 468 1398 opinionem
480 1346 597 1395 Democriti,
616 1347 701 1397 singulas
713 1347 788 1386 animae

72 1404 139 1450 partes
155 1399 235 1450 singulis
248 1400 334 1450 corporis
351 1399 437 1449 partibus
451 1399 551 1450 oppositas
566 1412 609 1437 esse
621 1404 679 1450 atque
691 1412 786 1438 connexas

72 1452 203 1489 asseverantis
217 1452 244 1501 [v.
254 1453 292 1491 371
302 1474 328 1479 —
337 1451 395 1500 396];
410 1455 436 1497 et,
449 1455 472 1488 ut
482 1453 539 1489 antea
551 1450 649 1499 docuerat,
664 1451 745 1490 animum
756 1465 787 1489 es-

73 1516 95 1541 se
104 1504 199 1554 potiorem
210 1503 296 1542 animalis
307 1509 392 1555 partem,
407 1503 435 1541 sic
446 1503 470 1541 ab
481 1502 542 1541 animo
555 1503 629 1553 potius,
644 1516 700 1555 quam
710 1505 734 1541 ab
745 1503 787 1542 ani-

72 1568 110 1600 ma,
122 1555 182 1594 vitam
191 1556 283 1605 pendere,
296 1556 415 1605 salutemque
426 1555 536 1593 conservari
547 1554 665 1593 demonstrat
675 1555 703 1604 [v.
713 1556 751 1595 397
761 1577 787 1583 -

72 1605 129 1655 4171.
155 1605 230 1647 Deinde
245 1607 317 1645 animos
328 1611 348 1644 et
357 1607 430 1645 animas
444 1605 499 1644 nasci
513 1611 533 1644 et
547 1604 627 1644 interire
641 1619 683 1645 cum
698 1606 787 1658 corpori-

73 1659 171 1707 bus,·sex
181 1662 201 1695 et
216 1658 288 1708 viginti
296 1658 412 1708 argumentis
428 1658 531 1695 ostendere
546 1662 637 1704 conatur,
654 1658 719 1696 derisa
729 1659 788 1697 etiam

73 1710 137 1749 obiter
145 1709 315 1760 transmigratione
325 1706 450 1760 Pythagorae
461 1710 488 1759 [v.
498 1706 536 1749 418
546 1730 573 1737 —
586 1709 639 1759 att}
666 1710 712 1748 Istis
723 1714 787 1748 autem
823 1709 825 1711 ’

73 1774 98 1800 ex
107 1761 223 1812 argumentis
238 1762 344 1809 concludit,
357 1767 437 1801 mortem
448 1774 491 1799 esse
503 1760 584 1800 omnium
595 1774 658 1799 rerum
668 1761 737 1809 finem,
750 1775 787 1800 nec

73 1817 119 1864 post
128 1817 207 1852 mortem
222 1814 298 1852 mortali
314 1814 387 1853 animae
398 1814 500 1865 quidquam
514 1813 617 1866 timendum
627 1826 681 1860 esse3
701 1814 749 1860 imo,
764 1813 788 1851 ‘si

73 1864 147 1903 animae
157 1864 288 1912 immortalitas
302 1867 425 1913 concedatur,
438 1870 518 1903 mortem
531 1869 594 1903 tamen
606 1864 654 1903 nihil
666 1878 716 1912 esse,
730 1878 787 1916 quum

74 1916 141 1964 anima,
155 1930 236 1968 corpore
251 1918 343 1965 seiuncta,
357 1931 397 1956 non
405 1917 516 1963 meminerit,
531 1930 553 1954 se
565 1929 651 1967 unquam
658 1922 715 1955 antea
727 1916 787 1955 eirsti-

30 1978 34 1980 ’
73 1969 121 2006 tisse
135 1965 312 2019 [vata—amp
338 1969 423 2008 Proinde
439 1969 490 2007 ridet
505 1981 575 2007 vanum
589 1969 656 2006 mortis
666 1973 747 2015 metum,
767 1972 787 2006 et

73 2020 149 2058 inanem
161 2021 255 2059 hominum
273 2021 297 2058 de
315 2020 414 2071 sepultura
431 2019 583 2060 sollicitudinem,
594 2020 626 2066 [r.
639 2020 677 2058 883
686 2041 713 2047 -
723 2020 786 2070 906];

74 2072 179 2122 docetque,
199 2078 278 2111 mortem
289 2085 328 2110 non
343 2086 385 2110 esse
396 2072 474 2118 malum,
489 2071 535 2120 quia
548 2069 618 2108 mortui
634 2083 671 2108 nou
686 2070 787 2121 indigeant

51 2155 56 2163 .
73 2122 140 2170 bonis,
159 2124 227 2174 quibus
238 2124 278 2164 rivi
290 2124 398 2174 gaudeant,
420 2136 483 2173 neque
493 2122 537 2160 istis
553 2121 651 2160 doloribus
668 2123 786 2170 crucientur,

73 2174 108 2226 qui
116 2175 195 2227 miseros
206 2176 296 2215 mortales
306 2175 395 2226 affligant
406 2176 433 2226 [v.
444 2173 576 2223 907-943]‚
589 2174 648 2213 vitam
659 2174 717 2214 etiam
725 2175 787 2226 ipsam

72 2239 111 2269 mon
120 2239 162 2265 esse
173 2227 329 2276 desiderabilem,
343 2228 414 2279 quippe
426 2240 476 2278 quae
487 2225 533 2264 nihil
546 2225 591 2265 novi
602 2226 684 2274 afferat,
698 2227 733 2266 sed
743 2240 787 2265 eas-

73 2278 116 2316 dem
125 2291 200 2328 semper
209 2279 319 2331 voluptates
330 2293 391 2330 usque
401 2280 426 2318 ad
434 2290 525 2318 nauseam
535 2277 667 2317 subministret
677 2279 705 2328 [v.
712 2276 787 2319 944-

68 2329 127 2380 1988}
153 2330 204 2368 'I'um
214 2334 234 2368 et
242 2332 337 2371 terrificas
346 2331 433 2378 fabulas,
453 2343 501 2382 quas
512 2331 583 2380 poetae
595 2334 639 2368 sunt
650 2331 675 2369 de
687 2331 756 2369 inferis
766 2333 787 2369 et

72 2382 140 2433 poenis
150 2385 195 2432 post
205 2387 286 2421 mortem
293 2384 400 2431 commenti,
414 2382 521 2433 allegorica.
531 2382 612 2432 quadam
623 2382 786 2433 interpretatione

73 2434 138 2473 elevat
147 2436 174 2486 [v.
183 2431 224 2475 '989
231 2457 258 2463 —
265 2436 335 2486 10361,
349 2435 375 2474 ad
383 2434 517 2475 consolandam
527 2433 580 2474 vitae
591 2434 717 2485 fragilitatem
728 2435 786 2474 etiam
