1690 2654
223 94 265 136 nu
281 83 419 135 nisinun
437 90 615 145 euterun.
736 88 784 135 365

61 197 106 243 Nee
122 209 193 243 tamen
210 203 292 243 silentio
307 201 529 255 praetermittendum,
542 201 594 241 iliud
610 212 642 246 et,
658 198 715 255 quod
731 212 784 251 sup-

61 256 162 305 pieudum
177 270 220 295 esse
235 257 286 305 dixi,
300 269 349 295 vere
360 256 403 308 legi
412 256 433 293 in
443 256 489 295 Ald.
502 258 519 295 1.
531 257 551 294 2.
561 256 615 297 Bon.
627 256 696 304 Iunt„
710 255 747 292 sed
757 253 784 303 lif

61 307 105 346 liris
124 311 172 348 Mss.
190 309 360 348 reclamantibus.
388 307 457 360 Vulgo*
476 308 605 359 coniungunt
616 323 654 362 per
669 309 783 347 simulacre

62 361 141 401 leonum
151 373 230 409 cetere,
244 361 266 399 in
278 361 351 413 quihus
361 372 429 401 cetera
438 372 477 412 pro
491 362 534 400 alia
542 358 636 410 positum
646 372 689 399 esse
700 359 781 410 volunt,

61 413 129 451 minus
138 412 284 464 probabiliter.
648 433 657 445 η

113 467 158 505 760.
175 468 218 504 nisi
227 465 275 518 qua]
284 464 320 502 “sic
328 463 397 513 Wak„
412 462 463 501 Brit.
470 464 488 503 1,
498 468 605 514 sequutus,
619 475 667 501 cum
680 475 721 514 quo
731 466 781 504 Ver.

61 520 114 560 Ven.
130 517 248 555 consentire
264 515 373 563 videntur,
388 530 425 568 que
440 514 571 565 praebentes.
599 515 670 554 Ceteri
680 515 728 554 libri
740 520 782 556 nisi

62 571 128 623 quod,
142 575 166 606 ut
180 568 256 620 vulgo,
273 567 330 618 quod
341 568 430 605 fortasse
444 580 484 606 ev.
497 567 542 607 758.
554 567 596 605 huc
606 567 732 606 translatum
744 575 781 609 est.

113 621 158 661 763.
185 623 277 660 Reddita
290 620 346 671 vite]
361 619 391 657 sic
406 620 458 658 Hav.
477 625 498 657 et
513 619 573 660 Wak,
589 632 638 657 cum
650 619 745 671 plurimis
756 620 781 657 ii-

61 673 116 723 bris,
129 679 154 711 ut
167 675 248 712 reddire
258 679 346 724 quartae
358 672 441 723 eoniug.
455 684 493 722 per
504 672 645 711 archaismum
657 672 747 723 positum
756 673 782 710 sit

61 737 101 777 pro
117 727 214 769 reddere‚·
229 725 254 762 de
270 737 311 775 quo
328 723 384 762 conf.
399 723 478 762 Nonius
492 724 535 774 Vn,
545 725 577 764 75.
593 731 613 762 et
625 724 692 763 Ptaut.
704 725 749 762 Ces.
763 725 781 771 Ι,

6 772 18 782 ’”
62 780 82 825 1,
91 776 123 818 41.
136 779 191 816 Men.
201 778 224 826 V,
237 778 256 825 7,
267 778 311 825 59.‚
325 777 361 814 ubi
376 778 459 815 reddito
473 788 512 826 pro
529 779 624 825 reddam,
645 777 781 829 eiusdemque

61 830 120 880 Epid.
131 831 147 876 I,
158 831 176 869 1.
185 831 229 878 22,
242 829 279 867 ubi
291 830 406 868 reddiditur
416 841 454 879 pro
465 830 561 868 reddetur
569 829 665 881 legimus.
679 852 705 858 —
718 831 780 868 Poor.

63 884 123 922 Cant.
134 881 180 919 Ald.
187 883 229 921 1.2.
241 883 293 919 Bon.
301 884 354 919 lunt.
366 886 387 918 et
396 880 493 932 vulgares
504 880 562 918 editt.
575 881 678 931 praebent
688 884 781 921 Reddita

60 937 120 973 vitai.
140 934 213 972 Faber.
223 934 277 972 coni.
290 935 383 972 Reddita
392 935 447 972 vitai
456 937 498 971 iam
508 948 583 986 pausa,
592 935 684 975 Gronov.
696 933 723 971 ad
733 937 779 974 Sen.

62 986 112 1024 Oed.
122 987 168 1026 271.
181 988 272 1025 Reddita
282 988 337 1024 vitai
345 988 386 1024 iem
395 1000 445 1024 sors.
458 984 518 1023 Wak.
531 992 616 1036 autem,
630 985 693 1025 Codd.
705 985 781 1023 lectio-

61 1049 111 1076 nem
123 1036 244 1083 defendens,
254 1039 336 1076 reddere
346 1049 385 1087 pro
396 1035 486 1087 simplici
498 1040 553 1086 dare,
563 1050 647 1078 mortem
657 1039 729 1075 autem
739 1050 779 1089 pro

36 1124 38 1127 .
61 1092 146 1129 interitu
158 1088 281 1141 capiendum
292 1101 336 1127 esse
347 1088 404 1138 dicit,
417 1088 459 1126 hoc
469 1101 543 1127 sensu:
557 1093 603 1140 „Ut
614 1090 723 1127 videamur
735 1102 780 1128 cer-

60 1153 111 1179 nere
127 1154 187 1190 eum,
201 1153 264 1192 quem
280 1153 337 1178 mors
348 1139 414 1184 vitae,
427 1140 470 1178 iam
480 1141 543 1188 data,
556 1141 672 1187 velillum,
686 1149 707 1179 et
716 1148 779 1190 terra,

60 1192 129 1244 potita
144 1191 206 1239 est;“
227 1191 284 1243 quod
296 1192 365 1230 fateor
374 1204 409 1229 me
418 1204 461 1230 non
472 1192 598 1244 intelligere.
625 1193 701 1241 Quidni
709 1192 781 1231 locum

61 1244 214 1295 simplicissima
223 1244 305 1294 ratione
313 1244 343 1282 ita
353 1243 504 1296 intelligamus:
518 1248 545 1282 Ut
556 1258 604 1284 eum
614 1258 701 1284 cernere
711 1246 781 1284 videa-

61 1296 120 1343 mur,
135 1296 182 1348 qui,
196 1296 249 1344 vitet,
264 1308 327 1348 quam
337 1309 350 1334 a
359 1303 434 1334 natura
445 1304 568 1346 acceperat,
582 1297 632 1335 huic
642 1297 680 1348 ipsi
691 1304 780 1336 naturae

59 1348 150 1396 reddite,
163 1349 206 1387 iam
219 1348 254 1386 diu
264 1354 360 1386 mortuus
371 1354 393 1385 et
401 1347 499 1385 humatus
512 1348 557 1386 est?
583 1351 652 1388 Potiti
662 1349 718 1386 euim
729 1362 779 1388 cum

61 1395 136 1453 querto
147 1413 196 1439 casu
205 1406 353 1438 constructum
358 1399 447 1437 vidimus
456 1400 499 1437 iarn
510 1400 536 1438 ad
546 1402 571 1448 ΙΙ,
584 1401 629 1440 653.
643 1406 664 1439 et
674 1403 707 1451 ut,
720 1402 778 1449 1051.

112 1452 158 1500 765.
185 1454 264 1503 offectei
278 1451 341 1490 tectio
361 1457 392 1488 est
407 1451 535 1501 optimorum
546 1452 662 1501 librorum,
675 1454 778 1491 Lambino

59 1504 103 1542 iam
115 1501 160 1542 vnon
173 1503 302 1554 improbata,
316 1517 329 1541 a
344 1505 394 1543 Hav.
407 1509 428 1539 et
438 1502 498 1542 Wek.
510 1510 608 1553 recepta3
622 1503 746 1543 Boni-Brit.
758 1507 777 1545 3.

59 1556 113 1594 Brix.
124 1557 173 1596 Ver.
184 1559 237 1597 Ven.
247 1557 327 1607 effecti,
341 1554 393 1595 Brit.
405 1555 424 1594 2.
435 1555 480 1593 Atd.
493 1557 510 1594 1.
522 1557 571 1593 Bon.
586 1556 656 1606 effoeti
666 1556 701 1594 vei
712 1552 776 1608 effeti,

59 1607 105 1649 Aid.
115 1609 135 1647 2.
148 1609 224 1659 affecti.
252 1609 325 1660 offecti
335 1606 409 1645 Lamb.
422 1613 480 1644 reete
491 1606 641 1656 interpretatur
654 1608 778 1656 „obstructi

46 1699 48 1702 ,
60 1665 82 1697 et
92 1672 171 1708 somno,
186 1658 245 1710 quasi
254 1659 314 1698 obice
324 1657 427 1709 quodam,
441 1658 561 1709 impediti.“
588 1658 689 1697 Similiter
697 1658 777 1709 V‚-774.

59 1710 148 1763 legimus
167 1713 261 1762 effectum
281 1712 360 1757 lumen,
380 1722 444 1761 quem
463 1717 577 1761 utrumque
592 1710 665 1748 locum
682 1711 778 1750 confudit

59 1762 158 1801 Ruddim.
170 1759 265 1803 tnstjer.
277 1764 302 1799 Η.
314 1759 388 1813 peut.
399 1768 443 1801 not.
453 1763 493 1810 30„
506 1762 568 1810 plura
580 1763 676 1812 exempla
687 1763 777 1801 afferens

59 1816 173 1865 verberum
186 1821 322 1864 neutrorum,
337 1826 427 1864 quorum
437 1813 547 1864 participia
555 1815 634 1864 passive
644 1822 777 1866 usurpentur.

59 1866 171 1904 Praeterea
183 1866 239 1904 conf.
250 1867 266 1912 Ι,
277 1867 322 1905 338.
336 1868 360 1909 tt,
371 1863 417 1904 784.
433 1866 456 1912 V,
466 1867 510 1905 887.
522 1872 561 1903 etc.

110 1918 155 1957 767.
182 1917 306 1966 meminisse]
320 1915 366 1954 sld.
377 1918 395 1955 1.
411 1918 460 1956 Bon.
478 1918 533 1955 Iunt.
547 1931 603 1956 mens
615 1919 673 1969 ipsam
688 1915 776 1955 editori-

59 1966 99 2006 bus
116 1968 217 2007 nimirum
230 1981 273 2006 non
283 1967 457 2018 intelligentibus,
470 1966 597 2005 infinitivum
606 1967 642 2005 hie
653 1968 777 2007 substantivi

59 2031 147 2056 munere
161 2019 222 2071 fungi
235 2026 256 2058 et
269 2021 384 2057 sententiae
398 2019 514 2057 subiectum
533 2031 586 2068 esse,
601 2032 644 2070 qua
657 2019 683 2058 de
698 2033 722 2059 re
733 2021 776 2058 iam

60 2069 141 2121 saepius
153 2070 239 2110 dictum.
266 2072 324 2110 Gdnf.
339 2071 402 2109 etiam
413 2070 469 2109 infra
479 2084 497 2108 v.
509 2072 547 2111 837
554 2084 570 2110 s.
582 2069 652 2111 stltss,
665 2078 706 2112 etc.

110 2123 155 2161 768.
182 2123 289 2173 dissentit]
303 2123 379 2164 urite.
391 2125 494 2169 discernit,
507 2129 532 2160 ut
544 2123 632 2162 Creech.
643 2124 775 2171 coniecerat3

58 2172 112 2210 Brit.
122 2174 142 2212 3.
159 2176 266 2215 discendit.
281 2197 305 2204 —
318 2178 390 2214 mortis
400 2176 474 2227 letique
480 2175 581 2225 potitum]
597 2176 625 2214 De
637 2176 702 2213 verbo
712 2179 777 2229 potiri

59 2236 109 2263 cum
124 2225 216 2275 genitivo
230 2233 374 2272 constructum
385 2227 441 2264 conf.
453 2225 550 2264 Ruddim.
562 2229 611 2264 tnst.
624 2227 661 2266 Gr.
672 2228 688 2267 t.
699 2242 720 2279 p.
730 2230 776 2268 288.

58 2282 103 2314 not.
114 2274 146 2319 14.
163 2277 276 2318 et'Ramsh'.
289 2280 324 2316 Gr.
335 2281 380 2316 Lat.
393 2281 410 2329 ξ.
422 2280 467 2318 111.
479 2284 530 2316 extr.
546 2277 606 2318 Wak.
622 2278 695 2318 laudat
709 2279 775 2319 Plaut.

60 2328 117 2378 Gapt.
129 2328 145 2374 Ι,
158 2327 217 2374 124.
233 2334 254 2366 et
265 2332 312 2369 Ter.
325 2330 410 2368 Phorm.
420 2331 461 2376 ΙΙΙ,
472 2331 491 2376 1,
504 2330 523 2369 5.

109 2379 148 2417 770
159 2390 184 2418 ss.
202 2381 270 2418 Locus
279 2382 393 2419 admodum
402 2380 502 2429 lubricus,
516 2393 540 2419 ex
549 2393 591 2432 quo
601 2387 695 2432 apparet,
710 2393 774 2432 quan-

58 2433 93 2467 tae
108 2429 183 2467 turbae
197 2429 241 2468 iam
254 2439 302 2489 unte
319 2433 414 2470 omnium
429 2432 492 2472 Codd.
508 2439 628 2471 nostrorum
645 2439 734 2470 aetatem
751 2431 774 2468 in

58 2481 155 2521 Lucretio
165 2487 234 2520 motae
245 2489 297 2531 s1nt3
312 2485 370 2533 quod
382 2497 448 2536 quum
458 2484 540 2536 longius
552 2484 609 2522 foret
618 2484 653 2522 hie
664 2494 774 2535 exponere,
