1690 2654
44 142 48 149 ·
94 129 143 180 340
183 117 185 119 ’
313 128 594 180 Α,ΝΝοΤΑΉοΝΕε

94 250 145 278 vum
161 235 253 275 eiusdem
272 249 320 274 cum
331 239 446 278 simulacris
460 239 630 292 significationis,
652 243 762 291 imaginem
779 240 812 279 vel

60 339 62 343 Ι
94 292 191 343 speciem,
205 290 316 340 respexisse
331 303 448 340 sumamus3
466 293 530 344 vulgo
547 295 643 338 tendunt,
656 300 680 331 ut
694 294 811 333 tutariet.

93 341 177 393 legitur.
204 343 234 379 De
244 341 347 380 vocabulo
355 343 432 383 ¹‘numen
443 344 499 383 conf.
510 344 537 381 ad
550 345 578 394 ll,
589 346 634 385 633.

97 426 100 429 .
144 395 189 432 Vss.
203 395 320 434 181-183.
335 394 392 433 inira
402 395 491 435 redeunt
500 410 520 434 v.
529 398 649 436 907—909.
694 431 700 436 ,

145 446 190 485 185-
218 450 306 485 stanteis
320 447 381 499 Wak.
400 448 465 485 edidit
480 462 491 486 e
504 451 564 493 Bon..
580 446 811 498 quae25eq11it11rmodo

91 494 146 536 Brix.
160 500 212 538 Ven.
230 504 252 534 et
269 498 314 536 Ald.
327 500 359 545 1.;
372 505 413 537 nec
424 500 485 538 valde
498 499 570 537 differt
581 500 631 541 Brit.
642 500 673 544 2„
686 510 745 538 stans
755 498 822 536 exhi»

91 547 151 587 bens.
179 550 249 587 Ceteri
257 549 306 588 libri
318 552 475 604 omnesfactaa,
488 558 512 589 ut
521 551 591 603 vulgo.
618 554 722 601 „Stantes
733 557 811 598 autern,

91 600 161 651 inquit
170 601 244 646 Web,
258 615 296 652 pro
308 609 424 641 constantes
435 603 469 641 vel
480 604 626 650 consistentes,
641 603 760 640 ard-morem
770 604 811 639 Lu-

92 653 164 702 cretii,
179 653 282 703 simplicia
295 654 358 690 verba
370 654 395 690 de
404 655 522 705 significatu
534 655 699 703 compositorum
711 654 811 703 frequen-

91 706 162 745 tantis.
192 705 252 742 Valet
266 704 331 755 igitur
345 701 432 752 oricus.
444 702 590 754 ὐπαρχούσας,
610 705 649 743 *vet
663 703 810 755 τυγχαιὶούσας,

92 755 151 794 cuius
167 755 304 806 exquisitioris
321 757 419 794 vocabuli
435 758 540 809 vulgatam
552 757 666 795 lectionem
680 752 720 807 pro*
729 757 810 810 glosse-

90 814 147 846 mate
159 807 272 861 marginali
281 807 337 845 baud
346 815 430 860 egomet
441 821 529 861 arguere
540 808 704 848 dubitaverim.“
722 818 725 824 ⁸

143 875 187 913 191.
209 873 299 923 fulgure
303 872 384 924 fulgur]
399 872 445 911 Ald.
452 874 470 912 1.
481 881 501 912 et
510 876 559 918 Bon.
562 874 649 927 fulgure
652 873 736 926 fulgur,
746 886 810 926 quam

90 925 216 975 scripturam
227 924 288 963 Wak.
298 925 379 973 probat.
486 930 488 932 ’

143 978 188 1017 193.
215 975 385 1026 Dnnzemorabile]
399 975 483 1014 Retinni
499 988 549 1014 cum
564 974 640 1017 Eicbst.
657 975 765 1027 vulgarem
779 975 810 1015 le-

91 1028 194 1078 ctionem,
209 1040 272 1080 quam
287 1027 347 1079 Walr.
364 1039 375 1064 e
393 1028 426 1065 Pii
442 1028 504 1067 Codd.
521 1028 543 1066 in
553 1030 701 1067 innumerabile
712 1028 808 1078 mutavit,

90 1081 135 1117 sine
152 1092 214 1118 causa
228 1080 311 1118 idonea.
339 1082 430 1130 Utraque
445 1080 502 1117 enim
514 1079 577 1118 lectio
594 1075 724 1130 quambene
740 1092 761 1116 se
771 1080 810 1118 ha-

52 1175 54 1178 *
90 1133 151 1179 beat,
169 1132 261 1183 plurium
279 1137 300 1169 et
314 1132 427 1169 meliorum
438 1131 542 1169 librorum
558 1130 677 1177 auctoritati
692 1130 810 1180 parendum

90 1184 152 1223 duco.
178 1183 231 1225 Vide
249 1182 311 1221 etiam
322 1182 476 1236 V1‚483.‚ubt
493 1183 554 1225 Wak.
567 1182 655 1220 eandem
671 1182 723 1232 fecit
737 1188 809 1222 muta-

91 1236 188 1274 tionem.-
262 1253 263 1256 ¹
553 1239 561 1249 ⁵
818 1272 820 1274 ,

141 1289 187 1326 200.
203 1291 247 1326 ‘Ex
258 1288 339 1338 altoque
341 1285 423 1336 foras]
435 1285 501 1324 iidem
509 1285 542 1331 Pii
551 1283 614 1322 Codd.
620 1311 626 1331 ‚
638 1297 689 1335 quos
699 1285 763 1322 modo
775 1297 809 1324 so-

89 1338 121 1376 los
130 1338 191 1381 Wak.
199 1344 299 1389 sequutus
309 1345 359 1386 erat,
369 1337 404 1375 hic
414 1337 511 1375 exhibent
521 1341 553 1375 Ex
563 1337 605 1375 alto
615 1338 637 1375 in
645 1347 717 1387 terras,
731 1336 809 1387 „odio-

90 1389 171 1429 sissime
183 1396 204 1428 et
214 1389 344 1441 putidissime
350 1418 356 1439 ‚
365 1390 379 1411 “
392 1396 416 1426 ut
425 1389 470 1440 ipse
483 1387 540 1429 dicit,
703 1439 708 1447 .
807 1402 808 1405 ¹

140 1455 187 1494 202.
214 1453 338 1506 dffundere]
354 1452 438 1506 „Lugd
449 1454 468 1493 2.
487 1449 609 1500 defundere5
622 1450 691 1489 minus
707 1451 734 1490 ad
749 1463 808 1491 rem:

13 1520 19 1528 *
89 1519 139 1544 nam
148 1519 192 1543 non
205 1506 241 1544 hic
252 1507 323 1557 agitur
336 1506 361 1544 de
370 1506 414 1544 loci
425 1503 547 1554 altitudine,
561 1503 598 1541 sed
609 1503 635 1541 de
647 1503 752 1555 sparsione
764 1504 809 1543 lata

89 1558 207 1600 radiorum,
215 1560 228 1578 “
241 1561 273 1597 W
277 1561 314 1597 at.
573 1584 576 1588 -

140 1608 188 1657 204.
211 1610 278 1662 super]
293 1610 323 1647 sic
333 1608 395 1648 Wak.
408 1620 458 1646 cum
468 1607 534 1660 Lugd.
546 1609 564 1648 1.
573 1604 661 1658 2.·Bodl.
671 1606 732 1648 Vind.
743 1609 806 1647 Poor.

63 1697 65 1700 ,
89 1665 147 1701 Cant.
165 1668 186 1698 et
202 1662 298 1700 omnibus
313 1668 363 1699 vett.
376 1660 434 1699 editt.
451 1662 552 1710 (quarum
563 1660 615 1698 Brir.
628 1657 675 1698 Ver.
687 1661 738 1700 Ven.
750 1660 807 1698 hunc

88 1726 173 1751 versum
187 1712 281 1750 inserunt
295 1719 342 1762 post
353 1726 372 1751 v.
385 1711 455 1759 195.);
471 1712 534 1749 ceteri
548 1711 598 1748 libri
608 1717 730 1763 supera‚·ut
742 1711 806 1763 vulgo

17 1806 22 1809 ,
89 1765 163 1805 editur.
183 1787 209 1793 -
227 1764 301 1801 Verbis
321 1766 399 1803 uolucri
417 1765 501 1802 leuitate
515 1763 580 1814 vulgo
592 1762 733 1811 interponitur
749 1765 806 1812 llaec,

89 1818 146 1867 quod
156 1816 216 1855 Wak.
228 1828 278 1854 cum
288 1816 353 1866 Lugd.
365 1818 383 1855 1.
394 1817 414 1854 2.
426 1814 483 1853 ssodt.
494 1814 555 1853 Vind.
567 1816 627 1852 Poor.
639 1814 736 1855 tritta.
748 1816 805 1854 Cant.

87 1870 141 1908 Brir.
159 1870 206 1907 Ver.
226 1870 277 1906 Ven.
290 1873 310 1904 et
320 1868 366 1906 Ald.
379 1868 396 1906 1.
414 1866 494 1914 omisit;
508 1869 621 1914 Bomitae,
636 1868 688 1905 lunt.
698 1873 719 1903 et
729 1864 775 1903 Ald'.
785 1868 805 1906 2.

87 1924 148 1969 haec,
162 1927 186 1958 ut
196 1920 266 1971 vulgo.
281 1941 308 1948 -
314 1918 429 1969 seruntur]
443 1918 508 1971 Lugd.
522 1920 541 1959 1.
551 1919 571 1958 2.
585 1917 643 1955 Bodt
654 1919 716 1955 Poor.
727 1918 777 1960 Brit.
785 1920 805 1959 3.

88 1973 141 2011 Brix.
153 1974 202 2012 Ver.
213 1974 265 2011 Ven.
275 1971 321 2010 Ald.
333 1974 350 2011 1.
355 1970 463 2022 serantur.
709 1993 712 2000 ι

138 2038 184 2077 205.
208 2039 276 2089 prima
282 2036 368 2088 fronte]
382 2033 413 2073 sic
422 2033 483 2073 Wak.
494 2046 542 2072 cum
552 2032 648 2071 omnibus
659 2033 729 2082 libris3
741 2034 805 2086 vulgo

25 2126 26 2130 ,
84 2092 155 2149 primu
168 2092 190 2128 in
199 2089 285 2140 fronte,
300 2087 357 2138 quod
372 2087 445 2126 Lamia.
461 2085 543 2124 dicitin
555 2084 636 2142 aliquot
645 2084 703 2125 libris
712 2093 762 2125 vett.
772 2088 806 2125 in-

89 2153 183 2233 lenz&
211 2191 292 2242 Quone]
305 2190 354 2230 Brit.
367 2174 452 2230 ZVer.
471 2191 522 2228 Ven.
541 2179 678 2238 QuoueJAld.
691 2172 738 2229 12.
754 2186 809 2230 Βοη,’

86 2246 141 2284 Iunt.
152 2247 234 2292 Nonne,
249 2242 305 2294 quod
318 2243 413 2294 vulgares
425 2240 482 2280 editt.
494 2240 633 2290 arripuerunt.
658 2241 719 2281 Wak.
730 2241 805 2282 melio-

87 2308 135 2334 rum
144 2296 248 2333 librorum
259 2295 374 2333 lectionem
385 2292 483 2331 restituit.

139 2362 185 2401 208.
211 2359 331 2413 Multiplex]
352 2361 403 2400 Vem
418 2357 462 2396 Ald.
477 2359 495 2396 1.
511 2357 560 2396 Bon.
574 2357 711 2408 Multiplieiss
730 2370 804 2408 „quae

87 2412 143 2451 male
156 2410 227 2449 feriati
246 2419 277 2448 est
290 2411 379 2448 hominis
400 2408 532 2456 immutatio,
553 2408 578 2446 de
595 2408 686 2458 syllabae
701 2409 804 2449 secundae

87 2466 203 2516 quantitate
213 2462 275 2500 stulte
285 2463 374 2502 solliciti.
381 2463 395 2483 ‘⁴
410 2464 481 2502 Wale.
503 2461 564 2502 Gonf.
571 2463 595 2511 tt,
603 2462 654 2512 162,
665 2461 702 2499 ubi
713 2461 748 2501 hic
757 2474 804 2501 ver-

88 2531 121 2556 sus
133 2531 180 2557 cum
192 2521 292 2568 sequente
301 2514 344 2554 iam
356 2514 436 2554 adfuit.
794 2542 796 2548 .
