1690 2654
210 90 252 132 Au
269 88 405 129 LIBRUM
421 86 573 130 SEXTUM.
704 82 752 130 563

84 200 142 244 1274·
168 199 307 250 eminentes]
322 199 383 238 Vind.
397 201 453 238 edit.
470 228 475 237 .
492 228 511 248 .,
535 198 583 237 Brit.
596 199 615 239 3.
633 200 690 238 aedit
702 212 752 237 eurt-

33 270 73 305 tes,
91 256 144 293 Brix.
155 256 211 293 aedit
225 264 307 301 ventes,
322 253 370 290 Ver.
382 254 433 291 Ven.
446 254 489 289 edit
504 265 583 297 nentem
605 264 659 302 quae
674 262 751 289 corru-

32 310 100 363 ptelae
108 319 150 345 non
161 306 227 343 mirae
236 305 313 343 suntin
324 304 427 343 vocabulo
439 300 494 353 terte
504 301 617 356 λεγομένῳ,
633 303 690 356 quod
699 314 751 354 pro-

32 370 103 415 pterea
116 358 195 395 Gellius
205 360 254 407 ΧΠ,
267 360 298 397 to.
308 357 344 396 fin.
357 371 368 395 e
380 358 479 395 Lucretio
491 363 568 395 enotat.

84 411 141 453 1275.
167 427 231 464 neque
242 413 340 457 nztntma]
359 410 389 448 sic
404 410 477 459 wan,
497 408 589 448 Lucretii
606 407 750 447 constantissi-

33 480 102 511 mum,
116 470 139 500 ut
151 462 212 509 dicit,
231 476 292 500 usum
302 462 427 512 respiciens3
445 462 502 513 quod
514 463 601 500 seriores
615 475 687 500 omnes
697 459 751 497 reti-

33 523 128 559 nuerunt.
141 515 209 566 Vulgo
223 531 260 554 nec
271 518 361 564 numina,
374 521 398 552 ut
410 527 482 552 omnes
493 515 551 560 lihri3
566 514 653 552 fortasse
664 513 749 552 rectius.

83 570 141 610 1276.
168 570 191 605 In
200 568 241 605 hoc
253 580 315 604 versu
324 567 493 618 interpungendo
504 567 605 617 plurimos
617 567 707 604 editores
717 578 749 602 se-

34 629 107 675 quutus
122 633 175 660 sum.
201 619 296 658 Lambin.
306 626 389 669 tamen,
408 619 491 660 Waltef.
503 625 525 657 et
536 618 629 657 Nobbius
638 619 667 656 sic
678 617 750 656 distin-

33 682 110 725 guunt:
131 673 355 724 magniPentlebnntttr
369 676 434 713 enim:
450 688 549 726 praesens
561 678 601 711 etc.
625 675 688 710 Enim
699 682 748 708 vero

33 727 136 766 interdum
148 725 211 762 etiam
222 725 346 763 sententiam
358 725 452 777 incipere
463 732 551 763 constat.
580 723 668 762 Orellius
677 722 750 762 laudat

34 779 124 817 Oudend.
137 777 163 814 ad
174 777 233 827 Apul.
245 779 294 814 Met.
306 780 339 822 IV,
347 781 378 819 69.
390 792 410 829 p.
416 778 470 827 255„
481 778 517 815 ubi
528 778 599 828 plures
609 777 663 814 viros
674 777 749 814 doctos

32 832 71 870 hac
83 831 107 869 de
116 842 140 868 re
157 829 280 867 disserentes
292 831 384 879 reperies
400 837 589 877 commemoratos,
608 829 683 882 quihus
694 827 748 866 adde

34 884 150 922 Gronovius
160 882 186 919 ad
197 882 240 922 Liv.
252 883 348 933 XXXIV,
360 885 393 923 32.
408 889 429 920 et
440 884 481 921 Cic.
494 883 520 919 ad
530 885 572 920 Att.
581 884 615 929 IV,
626 884 658 923 12.
669 895 681 919 a
692 881 749 919 Rud-

33 936 82 976 dim.
92 938 142 974 inst.
153 935 190 975 Gr.
202 936 218 973 Ι.
230 947 250 984 p.
262 935 308 974 323.
325 942 369 974 not.
381 937 399 975 7.
414 935 463 986 (qui
473 942 505 972 sat
516 934 583 972 multa
599 935 693 986 exempla
704 932 748 971 col·

32 988 94 1039 legit)
107 987 190 1035 allatos,
206 993 227 1024 et
238 987 320 1024 Ramsh.
334 989 371 1026 Gr.
382 990 427 1026 Lat.
442 1001 462 1037 p.
474 985 519 1027 564.
531 993 582 1025 nota
593 989 636 1033 ml,
653 985 702 1037 (qui
713 992 747 1024 ta-

33 1053 80 1077 men
95 1040 150 1077 hunc
160 1051 221 1076 usum
233 1038 306 1089 paullo
322 1039 447 1078 arctioribus
461 1039 562 1077 limitibus
574 1038 747 1078 circumscribere

33 1092 132 1141 videtur.)
147 1112 171 1119 —
188 1091 329 1142 Podebantur]
350 1093 417 1144 Lugd.
428 1093 446 1132 1.
461 1091 519 1130 Bodl.
535 1091 596 1130 Vind.
614 1095 673 1131 Poor.
688 1092 746 1129 Cant.

32 1145 78 1184 Ver.
88 1145 138 1183 Ven.
149 1145 284 1183 Pendebntur.
370 1152 371 1155 ’

84 1198 140 1237 1278.
169 1197 225 1246 Quo]
245 1197 275 1234 sic
286 1195 347 1234 Wak.
366 1195 453 1243 (Eichst.
467 1195 542 1240 Orell.)
561 1207 609 1233 cum
619 1195 714 1248 Luget.
726 1200 748 1233 el:

31 1246 107 1298 fragm.
119 1248 191 1294 Vind.;
208 1249 275 1300 Lugd.
285 1250 303 1287 1.
318 1247 376 1286 Bodl.
391 1247 453 1286 Vind.
470 1248 518 1286 Brit.
529 1249 547 1288 3.
563 1251 619 1287 Cant.
634 1251 687 1287 Brix.
697 1250 745 1289 Ver.

31 1300 82 1339 Ven.
94 1304 151 1348 Huc,
164 1301 212 1338 Brit.
225 1303 242 1341 1.
256 1304 308 1344 Hie;
328 1300 426 1352 vulgares
437 1299 495 1339 editt.
505 1307 526 1337 et
535 1300 628 1338 Nobbius
644 1304 684 1351 Ut,
697 1314 746 1340 cum

30 1352 91 1391 Poor.
102 1353 146 1392 Ald.
156 1355 174 1392 1.
185 1355 205 1392 2.
215 1356 265 1391 Bon.
276 1354 331 1390 Iunt.
344 1376 370 1382 -
380 1353 441 1404 pins]
456 1353 504 1401 „ita
514 1352 577 1404 Lugd.
590 1354 607 1391 1.
618 1354 675 1390 Bodl.
684 1354 745 1395 Vind.

32 1404 88 1442 Cant.
103 1405 179 1453 [Brix.,
194 1419 256 1456 quam
269 1404 326 1442 haud
340 1405 402 1443 dubie
413 1405 517 1442 Gerardus
533 1404 596 1442 simul
610 1418 658 1442 cum
670 1405 745 1444 ceteris

31 1455 90 1495 editt.
100 1463 149 1495 vett.
161 1457 196 1495 hic
211 1457 312 1509 neglexit]
328 1459 376 1496 Ver.
390 1457 450 1507 [Ven.
463 1457 507 1494 Ald.
522 1457 548 1507 L]
563 1459 612 1496 Bon.
623 1458 684 1506 [lunt.
697 1458 745 1497 Ald.

31 1508 64 1556 2.]
75 1507 136 1559 longe
146 1509 306 1560 significantius3
320 1523 370 1547 nam
381 1509 488 1559 vulgatum
496 1514 560 1562 prius,
575 1510 631 1560 quod
643 1511 745 1559 scriptum

33 1559 94 1596 estin
106 1561 170 1611 Lugd.
182 1563 200 1600 2.
211 1562 287 1614 fragm.
298 1561 359 1598 Vind.
374 1564 434 1599 Poor.
445 1561 497 1598 Brit.
511 1563 528 1600 1.
539 1563 569 1610 3.,
583 1575 625 1598 uon
637 1562 745 1600 desidera-

31 1616 66 1648 tur
74 1618 160 1663 propter
169 1627 230 1651 voces
241 1629 318 1665 semper
330 1624 448 1661 contuerot;
461 1620 525 1663 prout
537 1616 586 1651 Hav.
597 1614 659 1652 etiarn
672 1615 745 1653 admo-

31 1663 97 1702 nuit.“
118 1667 187 1706 Wolt.
215 1667 308 1704 Nobbius
319 1673 391 1703 tamen
405 1665 511 1716 vulgatam
526 1666 620 1706 retinuit,

84 1717 140 1756 1279.
166 1718 288 1770 repedabat]
302 1719 332 1755 ita
338 1717 399 1757 Wak.
409 1718 502 1755 restituit
512 1731 523 1755 e
536 1718 602 1769 Lugd.
610 1720 627 1757 l.
637 1719 686 1758 Brit.
695 1719 713 1758 1.
724 1720 744 1759 3.

33 1766 88 1804 Cant.
102 1769 223 1820 cunctisque
236 1771 293 1808 editt.
304 1776 365 1813 vett..
385 1783 397 1807 a
413 1770 486 1819 quibus
498 1771 568 1818 Bodl,
589 1774 697 1822 reperiebat
711 1783 744 1808 ex-

17 1817 114 1867 bibens,
127 1832 177 1859 vere
189 1835 231 1858 non
245 1822 333 1860 recedit.
361 1822 430 1872 Vulgo
440 1824 566 1873 trepidabat,
581 1822 648 1872 quod,
668 1822 685 1860 si
698 1834 744 1859 cre-

33 1868 81 1906 dere
94 1871 153 1921 linet,
177 1873 263 1924 quidam
283 1873 381 1911 Lambini
400 1873 475 1919 Godd„
496 1873 559 1925 Lugd.
574 1875 592 1912 2.
613 1881 634 1910 et
653 1881 743 1924 uterque

32 1920 91 1960 Vind.
100 1930 191 1964 tuentur.
204 1926 280 1963 Eichst.
291 1933 311 1963 et
321 1925 383 1965 Orell.
394 1925 547 1964 Wakefieldum
557 1932 678 1975 sequuntur,
687 1926 743 1964 Noh-

31 1970 76 2009 hius
86 1976 180 2026 vulgares
191 1977 260 2026 editt,
280 1978 338 2015 ouius
348 1977 490 2015 doctissimam
503 1977 660 2015 annotationem
673 1979 742 2016 lecto-

31 2023 88 2062 ribus
97 2040 140 2065 non
149 2041 234 2077 possum
248 2029 348 2068 invidere.
375 2030 485 2077 „Verbum
497 2031 600 2079 repedare,
613 2029 687 2080 inquit,
700 2030 743 2079 pri-

32 2087 66 2112 sca
78 2085 145 2116 aetate
155 2080 312 2120 usitatissimum
323 2081 386 2118 fuisse
397 2087 459 2131 atque
470 2082 496 2118 ab
508 2081 572 2118 Ennio
582 2082 673 2132 potuisse
682 2095 743 2120 usur-

2 2149 4 2152 >
32 2129 87 2176 pari,
106 2143 149 2168 non
164 2145 226 2182 nego.
258 2135 298 2171 Sed
312 2133 443 2172 Wakefieldo
458 2146 502 2170 non
518 2134 580 2171 facile
596 2134 741 2184 concesserim,

32 2175 72 2215 hoc
80 2183 168 2221 verbum
180 2184 214 2234 id⁷
229 2187 285 2236 quod
296 2187 317 2226 h.
327 2186 340 2226 l.
351 2185 469 2237 significare
479 2186 565 2231 debeat,
585 2188 638 2224 ultro
652 2191 742 2238 nitroque

29 2232 99 2278 pedem
110 2250 187 2274 movere
197 2250 212 2276 ε.
224 2240 360 2278 discursitare.
374 2240 481 2290 Repedare
491 2245 521 2275 est
532 2238 588 2275 enim
602 2235 741 2285 ἀναποδίζων,

32 2290 48 2316 s.
56 2282 129 2340 pedem
140 2287 227 2336 referre,
235 2291 275 2339 vel,
285 2296 309 2328 ut
319 2292 390 2327 Festus
400 2289 515 2338 ait,pedem
528 2289 642 2340 retrahere,
650 2290 664 2332 i.
677 2304 694 2327 e.
707 2302 741 2327 re-

33 2339 90 2389 verti.
116 2339 175 2382 Quod
188 2341 275 2380 dubium
292 2349 333 2389 est,
353 2356 379 2380 an
390 2343 420 2380 sic
431 2342 456 2379 de
468 2348 527 2379 metu
540 2341 573 2380 vel
584 2342 688 2380 anxietate
698 2354 741 2379 non

33 2381 118 2425 dicatur.
146 2391 174 2427 De
183 2399 264 2433 terrore
275 2394 407 2434 crediderim.
434 2395 489 2431 Nam
503 2394 538 2446 qui
547 2400 634 2445 repente
642 2398 740 2444 terretur,

32 2435 106 2491 PPtlem
116 2441 195 2498 referre
210 2447 269 2487 solet.
296 2449 336 2485 Sed
346 2449 366 2489 h.
377 2448 390 2485 l.
400 2447 489 2497 populus
505 2448 606 2487 continuo
614 2452 671 2484 metu
682 2452 739 2483 tene-

32 2496 57 2534 n>
70 2493 97 2536 et,
111 2493 160 2543 qnid
170 2494 242 2549 faciat,
255 2499 293 2538 sibi
304 2513 379 2551 parum
392 2499 507 2552 consulere⁷
521 2500 563 2541 sive
576 2500 599 2538 in
608 2511 689 2538 summa
700 2509 739 2534 an-
