1690 2654
49 113 105 194 256¹
145 187 150 193 ,
206 144 529 188 ΔΝΝΟΤΑΤΙΟΝΕὸ

50 260 70 299 2,
85 258 105 298 3.
118 254 177 294 Brix.
192 255 241 294 Ver.
257 254 309 293 Ven.
325 257 396 308 uigor,
409 256 470 296 Poor.
485 258 562 303 maior,
581 253 631 295 Brit.
649 255 668 294 1.
680 271 764 297 moeror.

50 309 125 359 Utique
136 307 190 344 mira
204 312 274 345 autem
287 308 375 346 uarietas
387 307 492 358 reperitur
501 309 523 346 in
533 306 579 346 ald.
589 310 608 348 1.
622 308 715 356 et-Bon.,
727 308 766 349 su-

46 370 121 414 petunt
130 374 193 398 urnae
202 372 241 409 pro
254 371 351 412 superant
359 358 425 411 item.-
576 390 579 393 .
757 389 759 392 -

99 412 144 451 580.
171 411 248 464 aegris]
263 411 345 449 Retinui
354 411 462 462 vulgarem
471 411 566 449 omnium
576 411 680 449 librorum
689 409 765 449 lectio·

47 475 110 511 nem,
124 475 188 513 quam
203 461 265 502 Wak.
283 475 295 501 e
309 463 430 501 coniectura
445 470 525 501 temere
540 464 629 501 mutavit
645 462 668 500 in
682 477 764 515 aegros,

48 527 98 553 cum
113 517 208 567 ploratus
223 521 374 553 constructum.
401 514 441 552 Sed
457 514 515 552 nullo
530 515 594 552 modo
609 514 635 552 de
645 514 765 552 hominihus

3 598 11 610 ,.
46 566 138 618 aegrotis
149 578 219 604 sermo
231 572 272 613 est,
286 566 323 604 sed
331 569 416 620 vagitus
425 570 494 619 aegri,
508 566 658 604 ut'rectissiine
670 564 766 615 exposuit

46 617 146 656 Knehelii
155 620 233 655 Censor
243 617 349 666 Halensis,
363 625 411 660 sunt
418 619 499 669 vagitus
507 617 612 656 infantum
623 629 695 655 recens
704 623 765 655 nato·

46 670 108 718 rum,
123 669 312 719 (quemadmodum
327 671 352 715 V,
368 671 413 708 227.
427 674 511 722 vagitus
525 671 642 721 lugubris),
655 675 765 707 utseusus
834 710 842 723 Α

46 723 84 760 sit:
99 722 170 771 quovis
183 721 215 758 die
226 720 319 769 ploratus
330 719 436 757 infantum
446 725 508 769 partu
518 732 591 758 recens
601 720 706 759 editorum
715 732 766 763 cum

46 773 148 824 plangore
158 771 184 809 ad
195 771 261 808 lectos
272 769 568 808 mortuorumoommiscetur.
629 801 631 805 .

97 820 142 862 584.
169 822 261 872 uidetur]
274 822 304 860 sic
314 822 374 863 Wak.
384 822 477 859 restituit
486 834 511 860 ex
521 821 617 860 omnihus
625 821 691 862 libris.
713 822 767 866 Vult
819 830 821 833 ⁴

46 887 73 925 go
90 884 181 922 tenetur,
197 873 254 923 quod
269 873 365 911 Lambini
381 878 524 911 commentum
536 880 601 923 puto3
610 887 664 918 ¹nam
676 876 727 915 Hav.
737 874 765 912 si·

45 926 123 973 lentio,
139 937 164 962 ex
173 937 214 976 quo
225 925 289 976 Lugd.
299 927 318 964 2,
333 926 362 962 sio
374 925 480 973 exhibeat,
493 937 568 974 parum
577 925 628 962 fidei
637 925 764 965 habendum.
830 940 831 943 ¹

98 978 143 1016 587,
162 991 311 1030 quaequomque
321 976 379 1014 idem
387 976 448 1014 Wat.
458 977 553 1024 reposuit
564 989 575 1013 e
586 975 683 1027 plurimis
691 976 763 1025 libris3

45 1026 92 1066 Aldu
104 1029 123 1068 1.
136 1030 186 1066 Bou.
196 1043 235 1081 quo
247 1033 344 1080 quisque,
358 1031 411 1066 Iunt.
426 1026 471 1067 Ald.
484 1029 505 1067 2.
519 1043 558 1081 quo
568 1031 665 1080 quicque,
678 1027 729 1066 Brit
741 1029 764 1068 ι1.

45 1081 65 1118 2,
78 1079 135 1118 Cant.
147 1095 208 1130 quam
217 1082 318 1130 quidque,
331 1079 433 1129 iit-vulgo
443 1078 521 1117 editur.
548 1079 578 1122 Ab
590 1078 686 1117 omnibus
698 1077 763 1127 Godd.

46 1136 117 1167 autem
129 1129 199 1167 differt
209 1129 332 1180 Priscianus,
347 1130 425 1181 quivi,
437 1132 468 1169 12.
479 1131 495 1179 ᾗ.
505 1128 538 1169 64.
552 1131 586 1179 (p.
600 1131 645 1170 707.
657 1131 692 1181 P.)
705 1129 764 1168 hunc

45 1194 130 1219 versum
145 1194 194 1219 cunr
209 1181 314 1232 sequentis
331 1181 390 1220 initio
404 1182 434 1219 sic
445 1181 519 1218 affert:
534 1184 574 1220 Sed
584 1197 645 1233 quam
654 1184 765 1221 multarum

45 1248 113 1272 rerum
123 1235 154 1271 vis
162 1235 253 1286 possidet
259 1236 282 1272 iu
289 1249 310 1271 se
315 1237 383 1285 Atque
386 1243 507 1286 potestates.
521 1232 592 1281 (Cous.
600 1233 662 1271 etiam
668 1236 702 1280 Ill,
708 1235 764 1283 266.)

94 1284 143 1323 588-
169 1284 270 1335 plurimu]
285 1284 383 1324 sicutak.
396 1283 626 1322 cumomnihuslihris.
651 1286 764 1324 naucum
829 1305 834 1317 ·

45 1334 166 1386 vulgaribus
178 1334 235 1375 editt.
246 1338 322 1388 pluria.
340 1336 386 1373 Vid.
398 1335 424 1372 ad
433 1338 449 1384 l,
461 1336 506 1374 877.
747 1367 749 1369 .

64 1394 68 1397 “
96 1386 141 1425 591.
167 1388 271 1426 uoluentes
278 1387 375 1440 frigora,
390 1387 404 1430 i.
416 1386 551 1424 evolventes
563 1385 762 1438 aquamfrigidam

44 1441 67 1476 e‘t
77 1436 204 1492 sicquidem
215 1450 287 1479 omnes
301 1438 367 1477 Codd.
378 1444 399 1477 et
408 1437 515 1488 plurimae
523 1436 582 1476 editt.
592 1444 654 1484 vett,
666 1451 718 1489 quos
728 1452 764 1477 se-

44 1489 203 1539 quunturWak.
213 1495 234 1527 et
245 1489 338 1539 Orellius,
351 1490 387 1541 qui
396 1489 560 1531 vasso-659.
575 1489 639 1533 edidit
649 1490 671 1528 in
680 1490 763 1541 Eulogis

42 1540 84 1577 suis
93 1553 114 1590 p.
124 1542 150 1580 12
160 1552 186 1579 ss,
199 1577 201 1582 ,
212 1541 279 1592 Vulgo
289 1543 390 1593 flumina,
403 1552 457 1591 quae
467 1540 499 1578 Pii
508 1541 612 1578 correctio
623 1547 665 1590 est,
680 1548 763 1580 servata

43 1591 70 1629 ab
81 1593 134 1629 lunt.
146 1590 192 1629 ΑΜ.
204 1594 223 1632 2.
239 1600 259 1630 et
274 1593 370 1631 omnibus
385 1593 444 1634 editt.
456 1591 579 1641 senorium,
597 1592 723 1642 quinetiam
733 1593 761 1632 ab
827 1613 829 1617 v

42 1642 130 1692 Eleusi„
145 1643 203 1694 quod
211 1644 282 1683 miror.

73 1731 75 1733 .
94 1695 139 1734 593.
165 1696 211 1733 sola
224 1707 291 1735 terrae
308 1696 345 1741 (ut
361 1697 377 1743 Ι,
391 1694 436 1734 213.
457 1695 482 1746 V,
496 1696 543 1733 212.
559 1691 684 1742 1288.1294.
697 1695 762 1734 solum

42 1745 124 1793 terrae)
138 1743 235 1788 ,formula
250 1758 274 1783 ex
291 1746 365 1782 Ennio'
374 1746 451 1794 petita,
464 1757 485 1795 p.
503 1743 546 1783 134.
561 1744 652 1792 Hess'el.‚
667 1743 703 1783 ubi
719 1745 761 1785 vid.

44 1795 154 1837 Columna.
182 1796 240 1836 Gonf.
252 1797 315 1835 etiam
326 1795 423 1834 Ruddim.
435 1798 485 1834 inst.
499 1797 534 1834 Gr.
546 1797 560 1833 Ι.
573 1809 593 1846 p.
604 1797 647 1836 150.
740 1804 741 1807 ’

95 1844 142 1887 594.
168 1848 268 1898 Eximiis]
282 1849 342 1886 Poor.
357 1848 407 1887 Brit.
417 1849 437 1887 3.
456 1854 477 1886 et
488 1847 541 1896 Brix.
550 1848 597 1886 Ver.
609 1849 661 1886 Ven.
673 1851 761 1895 Eximio,
824 1891 831 1903 ⁸

42 1898 100 1939 Cant.
113 1901 168 1939 lunt.
179 1899 225 1938 Ald.
237 1901 257 1939 2.
270 1904 303 1938 Ex
317 1902 374 1947 imis,
387 1899 456 1937 minus
467 1899 580 1951 eleganter.
606 1898 684 1937 Eadem
692 1899 760 1938 varie-

40 1954 73 1986 tas
81 1948 137 1987 infra
148 1948 166 1988 u.
177 1952 222 1990 608.
234 1951 307 1988 locum
316 1950 386 1988 habet.
727 1970 735 1977 ’

93 2002 139 2044 597.
161 2003 252 2054 fluidus]
267 2003 296 2040 sic
308 2008 387 2040 veteres
398 2001 428 2040 Pii
440 2000 503 2041 codd.
516 2006 537 2038 et
547 1999 607 2037 editt.
618 1999 759 2048 Iuntina„

42 2063 95 2100 quos
108 2052 198 2090 editores
212 2061 270 2092 recte
283 2053 366 2105 sequuti
379 2058 441 2104 suut‚'
453 2052 492 2092 etsi
500 2052 567 2090 ceteri
575 2051 624 2090 libri
635 2064 707 2091 omnes
715 2055 760 2105 flu-

42 2103 215 2152 uioupraebeant.
290 2121 293 2125 ⁴
450 2113 455 2116 “
516 2140 519 2143 ,

94 2157 138 2193 602.
166 2158 249 2196 Sedibus
257 2159 279 2195 in
288 2156 361 2206 curru]
376 2155 406 2194 sio
415 2157 466 2196 Hav.
477 2153 538 2193 Walt.
550 2154 626 2196 Eichst.
637 2155 699 2194 Orell.
710 2153 760 2196 cum

42 2204 138 2243 omnihus
147 2205 213 2244 libris.
226 2209 299 2246 Lamb.
308 2221 319 2247 e
332 2207 387 2246 conii
398 2207 481 2256 scripsit
488 2208 596 2247 Sublimem
605 2210 627 2246 iu
637 2223 703 2258 curru,
713 2209 760 2246 Pal-

41 2255 218 2297 meriusfseuuus
234 2260 267 2298 vel
282 2262 376 2298 Sedulem
391 2262 413 2298 in
423 2273 493 2305 curru,
507 2260 565 2296 Beni.
575 2257 689 2299 Sedibusin
699 2276 759 2312 supe·
825 2291 832 2299 .

41 2310 72 2345 ris
84 2307 179 2357 coniecit,
194 2310 266 2360 quihus
276 2309 425 2348 tentaminihus
436 2321 479 2346 non
491 2321 542 2358 opus
555 2316 591 2349 est.
613 2310 689 2357 Quidni
702 2311 759 2350 enim

41 2357 165 2408 simpliciter
178 2359 351 2412 interpretemur:
372 2374 383 2400 e
399 2360 482 2399 sedibus
497 2360 539 2399 suis.
551 2361 646 2411 (poetice
659 2375 698 2412 pro
709 2362 759 2401 sede

39 2411 92 2458 sua)
106 2409 129 2447 iu
141 2423 210 2461 curru,
222 2413 236 2451 i.
247 2426 265 2452 e.
274 2413 347 2451 sedens
358 2412 381 2450 in
391 2425 461 2460 curru,
471 2411 535 2462 agitat
544 2412 629 2452 leones?
642 2414 713 2452 Paullo
724 2427 758 2453 ar-

39 2460 150 2498 tificiosius
167 2474 213 2501 rem
229 2465 336 2516 adgressus
352 2471 383 2502 est
399 2466 491 2503 Gronov.
506 2464 563 2504 obss.
578 2467 613 2514 Ill,
623 2466 654 2515 5.‚
668 2465 694 2502 ab
705 2466 758 2504 Hav.

39 2511 146 2563 laudatus,
160 2514 197 2565 qui
212 2524 321 2568 comparat
336 2514 436 2559 Varronis
451 2514 528 2568 fragm.
533 2545 540 2569 ,
553 2516 580 2557 alr
589 2516 704 2571 Augustino
714 2528 757 2557 ser·
