1690 2654
98 121 147 169 264
315 95 595 167 suu'onnrrouos

98 245 141 271 non
152 228 309 282 vilipendenda,
321 228 385 272 itaut
395 234 523 274 recentiores
536 234 621 287 quidam
634 233 674 273 viri
685 232 760 282 docti.
767 246 814 273 ver-

97 284 148 322 bum
158 285 270 335 despicere,
282 284 456 336 simpliciterpro
468 291 583 340 conspicere
595 288 701 338 positum,
714 286 780 324 ubivis
792 286 814 324 in

97 337 195 387 dispicere
209 341 327 383 mutantes,
340 337 411 387 paullo
426 339 521 389 cupidius
533 350 596 390 agere
607 338 722 377 videantur.
737 337 813 382 (Gonf.

96 385 157 441 Wak.
172 385 200 423 ad
213 385 234 425 h.
249 386 263 425 1.
280 388 374 441 Ouelend.
390 389 418 427 ad
426 392 488 429 Suet.
501 393 549 431 Ner.
560 392 592 430 19.
605 396 627 429 et
636 402 689 442 quae
698 388 725 427 ad
733 391 769 439 Ill,
780 390 813 430 26.

68 454 72 462 ¹
96 438 135 489 IV,
147 435 194 477 422.
208 439 245 486 Vl,
259 438 304 479 649.
317 442 484 490 annotavimus.)

148 487 195 536 743.
221 492 340 542 coniuncto]
366 493 396 530 sio
409 493 528 538 rectissime
539 492 703 533 Wakrestituit
716 503 741 529 ex
754 490 813 529 libris

96 546 180 579 tantum
192 553 237 578 non
245 542 350 583 omnibus.
368 546 421 585 Iunt.
432 550 453 582 et
463 544 506 584 ald,
518 546 537 585 Ξ.
552 547 665 592 contincta,
679 543 733 595 quae
741 542 812 591 lectio,

96 592 188 644 vulgaris
200 593 269 642 facta,
282 594 308 631 ab
317 596 370 633 Ha'v.
381 595 464 634 servato
474 602 510 634 est.
525 596 598 634 Lamb.
607 596 629 632 in
638 596 705 633 trihus
714 594 773 632 libris
783 594 813 632 iu·

96 646 155 682 venit
167 656 273 694 contacto,
287 646 345 696 quod
357 645 396 696 ipsi
410 646 539 697 praeplacet.
566 646 606 685 Sed
619 646 666 685 vide
681 647 718 697 IV,
733 642 779 686 491.
792 651 813 684 et

96 695 174 734 similes
183 696 249 734 locos.
534 721 535 724 =

98 757 99 760 ’
146 745 192 786 744.
217 758 300 786 nostrae
312 762 394 800 quoque¹
404 747 490 797 mentis]
503 746 630 797 sie.plurimi
639 747 688 786 libri
695 777 701 798 ,
716 760 768 799 quos
779 760 812 793 ser

96 796 167 848 quitur
175 796 236 835 Wak.
261 797 329 849 Vulgo
340 798 381 835 hoo
390 797 474 836 ordine:
489 804 552 837 menti
561 815 638 854 quoque
648 811 744 848 nostrae,
756 799 812 838 utin

94 849 173 901 fragm.
182 848 243 898 Vind.
252 850 303 888 Brit.
315 851 332 888 1.
344 851 363 888 2.
373 850 393 889 3.
408 852 461 889 lunt.
471 849 516 888 Ald.
527 852 547 889 9,

148 898 194 940 749-
222 901 254 949 ιἠ]
274 900 408 942 itaeditores
423 913 495 939 omnes
511 914 560 939 cum
576 901 813 953 Lambini-quibusdam

96 951 161 990 Godd.
171 953 228 990 Cant.
238 954 299 990 Poor.
310 951 386 991 et-Altl.
398 954 416 992 1.
426 954 446 992 2.
460 955 510 993 Bon.
522 955 588 1000 Iunt.;
601 954 623 991 in
632 954 698 1004 Lugd.
709 956 727 994 1.
738 955 759 994 2.
770 965 812 991 vox

94 1003 158 1052 plane
167 1001 235 1052 deest,
249 1003 314 1042 ceteri
323 1014 349 1043 et.
362 1025 388 1032 -
401 1004 489 1055 omneis]
502 1003 543 1043 hoc
551 1004 651 1042 nimirum
662 1005 756 1043 sibi-vult
764 1004 811 1056 plu-

93 1053 198 1093 rimorum
205 1054 310 1093 librorum
319 1058 396 1100 omnis5
409 1055 454 1092 ald.
466 1058 482 1094 1.
493 1058 542 1096 Bon.
556 1060 621 1103 omni,
634 1059 688 1095 lunt.
698 1059 772 1096 omnia.

145 1107 181 1145 Vs.
189 1106 227 1145 751
238 1118 264 1144 ss.
289 1106 331 1143 iam
343 1106 456 1143 adfuerunt
465 1108 483 1153 1,
492 1108 530 1147 790
540 1120 579 1153 ss,
593 1113 615 1144 et
623 1120 644 1146 v.
652 1107 696 1148 753.
706 1104 751 1147 754.
765 1106 811 1145 aliis

95 1169 180 1208 quoque
192 1156 273 1195 duobus
282 1157 334 1195 loois
343 1157 485 1207 inveniuntur,
498 1158 515 1207 l,
522 1160 566 1199 671.
574 1159 619 1199 672.
629 1164 651 1197 et
659 1161 693 1209 111,
701 1160 746 1200 518.
751 1159 809 1208 519.;

94 1210 150 1247 sicut
160 1221 179 1248 v.
190 1209 235 1249 756.
243 1208 392 1259 legiturxetiam
403 1210 421 1256 Ι,
431 1210 476 1249 797.
487 1215 508 1246 et
518 1211 547 1258 ll,
559 1207 604 1249 861.
649 1257 651 1260 .

146 1262 192 1299 761.
217 1261 286 1312 quali]
302 1259 362 1298 Vind.
374 1261 424 1299 Brit.
437 1263 454 1299 1.
464 1262 485 1299 2.
496 1262 515 1299 3.
530 1267 552 1298 et
562 1261 613 1298 Brix.
623 1262 672 1300 Ver.
682 1261 733 1300 Ven.
743 1261 810 1313 quoli-

93 1312 142 1356 hns;
149 1330 168 1359 1„
175 1312 234 1361 quasi
244 1311 298 1349 haee
308 1310 396 1349 varietas
407 1311 433 1348 ab
444 1310 619 1361 interpretatione
632 1313 690 1365 quali
701 1313 736 1350 sub
748 1324 811 1349 exor-

93 1368 115 1401 ta
127 1362 159 1402 sit.
165 1362 178 1384 “
193 1365 224 1402 W
227 1377 241 1402 a
247 1365 267 1402 t.
282 1384 306 1391 -
320 1362 470 1413 contineantur]
483 1364 531 1402 Ver.
541 1364 592 1402 Ven.
604 1367 736 1407 continentur,
749 1363 810 1403 Poor-

93 1417 240 1454 continuatur.
258 1414 329 1463 „Aliis
339 1414 391 1451 locis
402 1426 445 1451 non
456 1414 599 1460 obstantibus,
613 1417 754 1453 continuentur
765 1414 811 1463 plass

93 1466 193 1503 coisset.“
207 1468 239 1504 W
239 1481 253 1503 a
259 1469 279 1504 lo.
291 1465 348 1503 Nihil
359 1465 432 1514 utique
441 1465 568 1503 mutandum
580 1478 630 1512 esse,
641 1465 717 1503 docent
723 1466 740 1511 l,
748 1466 785 1505 818
792 1478 809 1505 ε.

92 1517 132 1567 908
142 1529 158 1556 s.
168 1522 190 1554 et
200 1518 250 1556 1008
259 1529 290 1565 s.,
304 1517 341 1554 uhi
350 1530 367 1554 v.
379 1518 417 1557 761
429 1523 450 1555 et
457 1517 503 1556 769.
516 1529 558 1555 uno
568 1516 677 1564 velaltero
686 1516 751 1555 verbo
762 1529 809 1555 mu-

92 1567 275 1616 satirepetuntur.
716 1597 718 1599 .

98 1640 100 1643 ’
145 1619 193 1660 763.
217 1619 329 1672 extemplo]
343 1619 440 1672 Lugd.1.
457 1618 518 1658 vind.
528 1619 577 1658 Brit.
590 1620 608 1658 1.
618 1620 637 1658 2.
655 1619 715 1658 Cant.
727 1624 809 1657 olveti.

93 1669 153 1710 editt.
167 1676 252 1720 praeter
266 1670 320 1709 Brix.
337 1683 409 1708 omnes
428 1673 527 1724 exemp203
553 1683 616 1721 quare
632 1670 693 1710 Wak.
709 1670 809 1720 proponit

94 1721 149 1760 coni.
160 1721 261 1771 Perfaolli
269 1724 365 1772 exemplo,
380 1734 444 1773 quam
453 1728 525 1760 tamen
533 1727 621 1773 propter
629 1721 737 1773 sequentia
746 1733 808 1774 aegre

93 1773 176 1812 admitti
185 1786 255 1824 posse,
269 1773 313 1824 ipse
325 1774 410 1813 fatetur.
621 1782 624 1784 '
715 1773 716 1777 ’
784 1792 785 1795 “

144 1826 189 1865 765.
200 1828 282 1879 possint
291 1825 371 1863 restitui
381 1837 404 1862 ex
415 1824 504 1877 Luget.
513 1825 573 1864 vind.
584 1824 726 1877 iragm.Viud.
733 1824 807 1864 Brit-1.

91 1878 145 1927 23„
157 1889 198 1914 nec
205 1877 270 1925 aliter
279 1876 366 1924 Eiohst.;
379 1876 440 1917 Wak.
451 1890 463 1914 e
474 1877 547 1914 ceteris
558 1876 617 1914 libris
627 1876 709 1926 recepit
714 1888 808 1928 possunt,

92 1927 807 1981 quodnesoioquomodooumpraecedentefuerintconciliaripossit.

142 1981 188 2020 767.
214 1982 311 2020 condenti
321 1979 429 2029 marmore]
444 1979 518 2029 1161,
529 1985 551 2017 et
559 1982 610 2018 Bon.
623 1981 718 2019 candenti
728 1996 738 2018 e
750 1994 807 2018 mar-

91 2046 152 2079 more,
165 2043 282 2082 perperam.
309 2035 384 2070 Sensus
394 2033 457 2079 onim,
470 2037 495 2079 ut
505 2043 516 2068 e
526 2043 546 2069 v.
557 2031 602 2070 765.
613 2037 706 2082 apparet,
719 2030 753 2068 hic
766 2036 806 2067 est:

91 2091 160 2129 mare,
174 2083 241 2122 ventis
250 2083 352 2134 agitatum
359 2095 508 2135 spumansque,
524 2094 535 2119 e
544 2081 644 2119 caeruleis
653 2082 752 2120 fluctibus
760 2091 808 2119 mu*

91 2140 149 2172 tatur
158 2135 181 2172 in
191 2147 265 2184 canos,
280 2135 348 2181 albos,
362 2135 460 2173 candenti
468 2133 569 2178 marmori
579 2132 703 2175 simillimos.
736 2165 738 2167 .

142 2187 187 2226 771.
201 2186 276 2236 album]
289 2187 336 2225 Brit.
346 2188 365 2227 1.
380 2189 452 2233 albon,
462 2191 486 2222 ut
497 2184 706 2224 fortasso'Luoretius
717 2184 806 2237 scripsit.

142 2238 189 2277 773.
211 2238 305 2290 possent]
319 2239 349 2276 sio
363 2238 424 2275 Wak.
439 2249 488 2274 cum
506 2235 590 2286 optimis
605 2236 674 2285 libris3
686 2237 745 2277 Bodl.
757 2252 803 2291 pos·

90 2299 145 2377 supr,
154 2287 214 2377 Vipd.
225 2295 245 2327 et
254 2290 331 2341 fragm.
340 2289 401 2327 Vind.
409 2292 496 2343 possint,
503 2288 685 2339 quemadmodum
695 2291 745 2328 Hav.
752 2300 806 2327 oum

89 2354 117 2379 ru
142 2340 218 2378 .e1'tt.
726 2355 727 2358 ¹

97 2400 99 2403 ’
126 2353 187 2432 gv779.
213 2392 320 2444 quiddam]
335 2392 392 2430 editt.
403 2397 453 2440 x(ott.
465 2396 548 2439 praeter
556 2392 611 2433 lunt.
622 2398 643 2430 et
650 2390 694 2430 Alo.
705 2392 736 2438 9.,
752 2402 805 2442 (pree

89 2449 166 2482 stante
177 2442 279 2480 librorum
294 2444 406 2482 meliorum
416 2442 517 2493 partibus,
531 2446 637 2496 quoddam.
651 2464 678 2473 -
690 2457 769 2495 unaque
775 2444 806 2492 fi-

89 2495 158 2549 gnra-J
171 2495 201 2540 sic
210 2494 300 2544 ‘plurimi
316 2495 375 2545 libri,
389 2509 402 2534 a
416 2494 490 2546 quibus
499 2507 542 2533 non
553 2496 634 2535 recedit
645 2495 711 2543 Brun,
725 2498 804 2545 imoque
830 2539 832 2542 Α
