1690 2654
74 139 123 185 234
291 133 587 181 A÷NNOTAT10NEs

42 260 44 263 ’
76 248 141 288 ceteri
151 244 199 284 libri
208 256 280 282 onmes
290 245 334 283 cira
345 259 440 297 superne,
455 245 491 294 (ut
502 247 553 284 Har.
564 258 612 285 oum
621 246 710 298 vulgatis
723 247 790 297 editt.)

75 299 131 352 quod
143 305 214 335 tamen
228 296 350 334 adverbium
365 296 423 334 omni
439 296 524 348 Epicuri
535 298 643 337 doctrinae
658 299 790 347 adversatur;

73 351 147 390 melius
156 350 245 387 fortasse
256 363 335 400 semper
345 348 458 400 legeretur,
469 362 534 401 quum
543 350 596 388 illud
607 366 667 404 saepe
675 351 724 388 loco
733 351 791 400 posi-

73 410 119 441 tum
129 402 156 439 sit
167 401 240 450 utique
254 401 323 437 minus
338 409 399 450 apto,
417 401 447 439 sio
462 402 518 439 euim
527 406 660 441 constructio
674 402 790 451 procedere

73 455 146 492 dehet:
159 455 214 491 Nam
223 464 285 502 saepe
297 452 322 489 iit
343 459 367 490 ut
373 452 479 502 dissiliant,
493 467 558 505 quum
568 455 610 493 cita
618 455 763 493 conflixerunt.
772 454 789 501 *)
839 500 844 504 .

72 508 96 549 V,
107 505 139 546 85.
154 510 225 542 antem
239 503 305 556 Lugd.
318 481 335 543 l.
347 506 366 545 2.
378 507 500 558 conflixere,
516 506 574 546 Gott.
590 509 712 560 construere,
731 504 790 546 editt.

72 558 119 596 Ald.
131 559 149 596 1.
159 559 178 596 2.
191 559 241 594 Bon.
255 573 300 595 cum
308 559 390 608 fluxere
396 584 402 605 ‚
421 557 497 607 reliqui
508 570 580 595 omnes
595 561 719 611 conflarem
738 560 790 597 Har.

74 617 96 648 et
106 609 168 647 Wak.
184 624 243 660 quom
255 611 337 660 flixere.
363 609 404 645 Sed
417 609 481 645 verbo
495 609 585 657 simplici
600 614 677 663 fligere
695 609 789 659 (dequo

74 661 131 700 conf.
142 660 239 699 Ruddim.
249 661 298 698 lust.
311 659 348 697 Gr.
360 662 375 698 I.
385 673 406 709 p.
417 661 462 699 237.
472 667 517 700 not.
527 663 559 701 90.
570 667 620 712 etp.
632 662 677 701 295.
687 667 731 699 not.
742 659 788 711 47.)

12 742 14 745 .
73 719 184 764 praeterea
191 724 296 762 nusquam
307 712 371 748 Lucr.
388 723 435 747 usus
449 717 492 758 est,
506 718 579 749 contra
588 725 637 750 vero
649 715 729 751 obuium
740 728 790 752 con-

69 762 449 853 flagereipegirpngpgtiamlii,1212„
474 768 495 799 et
508 760 596 813 simpleu
611 768 654 804 cira
671 764 697 802 de
713 764 789 802 atomis

127 829 138 852 a
164 824 195 852 nrt
272 843 278 853 .
299 835 302 840 =
664 828 666 833 ⁴
761 823 775 845 κ

72 829 157 909 Ῑῴὸῗ.
184 843 307 918 tarpeiius]
326 866 384 902 Haec
398 870 428 902 est
440 863 548 915 ingeniosa
558 866 637 916 Vossii,
659 873 683 905 ut
698 867 800 915 videtur,

73 917 203 966 emendatio,
216 929 291 968 quam,
305 916 403 967 Preigero
419 917 531 963 suadente,
550 919 600 957 Har.
610 918 690 969 primus
700 919 788 968 recepit.

74 970 136 1010 Godd.
148 976 168 1007 et
180 976 229 1009 vett.
242 969 299 1006 editt.
310 970 497 1020 omnestergihnm
514 970 600 1017 Lamb·,
620 982 683 1021 quern
699 970 788 1007 serlores

66 1022 155 1072 'sequuti
166 1027 224 1071 sunt,
238 1032 249 1058 e
264 1019 318 1060 coni.
333 1019 477 1057 infelicissima
487 1024 563 1072 tergis,
576 1027 600 1058 ut
610 1035 681 1060 versus
691 1021 788 1072 prodeat,

66 1071 246 1123 tribusspondeis
254 1072 384 1109 terminatus.
411 1072 440 1107 De
450 1072 566 1110 archaismo
577 1085 627 1111 vero
637 1075 687 1119 Ibus,
702 1086 740 1122 pro
753 1076 787 1123 iis,

73 1126 115 1177 qui,
130 1125 228 1175 Preigero
240 1124 352 1171 referente,
368 1123 459 1160 occurrit
469 1123 532 1160 etiam
543 1124 597 1173 apud
606 1125 671 1162 Plaut.
678 1125 787 1165 Mil.G101-.

48 1199 49 1203 =
68 1182 89 1225 l,
103 1180 121 1223 1,
132 1174 168 1216 74(
177 1176 222 1224 (ubi
233 1181 304 1213 tamen
316 1174 451 1214 Lindemann.
462 1186 473 1211 e
485 1175 534 1213 God.
546 1178 591 1215 Sur.
607 1178 666 1215 itibus
676 1176 745 1224 edidit,
760 1177 787 1214 ob

72 1229 178 1276 metrum)
192 1227 245 1265 Rud.
254 1226 308 1277 prol.
319 1227 352 1266 73.
363 1225 447 1263 Trucul.
459 1228 474 1275 1,
487 1228 507 1276 2,
518 1225 557 1276 14,
572 1233 593 1264 et
603 1228 752 1277 comprobatur
761 1228 788 1265 si-

58 1291 60 1294 ’
72 1281 156 1318 milibus
165 1279 249 1329 formis,
259 1280 318 1317 didas
328 1290 366 1327 pro
377 1277 415 1314 diis
427 1278 502 1326 (Inscr.
515 1291 547 1329 ap,
561 1280 619 1316 Grut.
629 1281 725 1329 p.XLVI.
734 1292 755 1317 rr.
766 1281 787 1319 9.

73 1338 94 1370 et
103 1345 123 1382 p.
135 1331 231 1369 XCVIII.
242 1343 262 1367 n.
275 1331 304 1375 5.)
315 1336 336 1366 et
346 1331 420 1380 filiius
434 1341 472 1378 pro
488 1329 537 1366 filiis
559 1333 566 1377 (
573 1331 632 1371 Grut.
642 1330 667 1380 ip.
677 1332 749 1374 nutv.
765 1344 786 1367 n.

71 1382 98 1432 4.)
114 1382 175 1421 Conf.
184 1389 267 1433 praeter
276 1381 355 1419 Charis.
366 1382 383 1418 I.
395 1394 415 1431 p.
427 1382 459 1420 39.
469 1380 566 1420 Priscian.
575 1383 641 1431 XIII,
652 1383 671 1421 3.
687 1384 719 1432 (p.
732 1384 786 1431 961.)

70 1446 93 1474 et
104 1435 195 1472 Nonium
203 1435 262 1478 VIII,
276 1435 320 1481 21„
336 1445 387 1483 quos
403 1432 464 1483 Wak,
479 1432 562 1480 laudat,
581 1433 676 1484 Schneid.
692 1436 785 1471 Gramm.

57 1520 58 1524 .
70 1489 116 1527 Lat.
125 1489 150 1524 ΙΙ.
161 1500 181 1536 p.
192 1487 223 1526 68.
251 1487 348 1524 Ceterum
358 1484 398 1521 hae
405 1483 566 1533 emendatione,
585 1483 601 1521 si
618 1497 667 1522 vera
682 1492 722 1530 est,
736 1485 787 1522 diri-

71 1545 142 1577 metur
152 1538 215 1576 etiam
225 1536 250 1574 lis
261 1537 352 1575 virorum
364 1536 475 1573 doctorum
490 1536 516 1573 de
526 1536 640 1586 quantitate
649 1536 709 1574 huius
721 1550 787 1574 voca-

71 1591 123 1637 buli,
137 1590 194 1640 quod
204 1589 288 1631 Bothius
298 1588 325 1625 ad
335 1588 387 1625 liud.
398 1587 412 1624 l.
425 1601 443 1627 c.
455 1588 548 1637 priorem
558 1587 660 1637 syllabam
669 1588 786 1638 producere

72 1641 194 1689 contendat,
214 1647 327 1690 propterea
341 1641 385 1678 ihus
402 1651 414 1675 e
428 1639 534 1676 nonnullis
550 1639 609 1676 libris
620 1639 643 1676 in
659 1642 686 1678 iis
696 1646 785 1689 mutans,

64 1700 146 1732 eontra
155 1705 204 1731 vero
210 1691 346 1745 Lindemann.
353 1690 380 1727 ad
386 1689 428 1729 Mil.
435 1690 494 1728 Glor.
501 1690 516 1729 l.
527 1691 541 1728 l.
550 1690 633 1740 rectius,
644 1696 667 1727 ut
676 1697 733 1740 puto,
744 1691 787 1740 pri-

71 1758 139 1789 mam,
151 1746 262 1795 atquibus,
275 1742 380 1791 corripere
392 1741 478 1787 doceat,
494 1742 558 1779 allato
564 1745 649 1793 Argum.
657 1743 735 1791 Captir.
741 1756 759 1782 v.
765 1743 785 1782 5.

88 1823 91 1828 .
115 1798 156 1836 -93,
184 1798 245 1833 Deest
259 1795 294 1832 hio
307 1806 378 1831 versus
393 1793 415 1830 in
432 1793 481 1831 eod.
497 1793 547 1849 urit.
560 1795 579 1833 2.
602 1789 702 1831 et‘ruhris
720 1794 786 1832 literis

71 1848 170 1887 scribitur
179 1847 201 1885 in
210 1847 270 1885 Vind.
283 1853 304 1883 et
316 1847 385 1891 Cant.;
401 1847 456 1883 Har.
471 1844 497 1882 de
510 1845 551 1883 suis
562 1844 625 1884 Codd.
636 1858 720 1896 prorsus
731 1846 783 1884 silet.

70 1922 96 1930 -
110 1900 211 1950 ostendit]
231 1900 261 1936 sie
276 1897 336 1937 Walr.
348 1910 397 1935 oum
410 1896 470 1945 Vind.
478 1898 536 1935 Poor.
545 1899 594 1935 Brit.
607 1899 625 1937 3.
637 1899 694 1935 Cant.
704 1904 725 1935 et
735 1898 784 1937 edit.
801 1912 803 1914 ’

64 1955 131 2000 .Ver.,
153 1950 227 2003 quibus
243 1951 297 1989 addo
312 1949 369 1987 editt.
385 1947 437 1987 Brix.
453 1955 473 1986 et
488 1951 539 1988 Ven.
559 1948 630 1987 Ceteri
647 1948 696 1986 libri
717 1961 799 1990 osten-.

63 2007 106 2050 -dz',
123 2010 147 2041 ut
161 2006 212 2043 Hav.
229 2016 277 2041 cum
291 2000 411 2053 vulgaribus
423 2000 482 2040 editt.
493 2001 562 2039 minus
571 2000 636 2047 hene3
658 2013 785 2052 quamquam

8 2070 11 2076 ¹
65 2055 159 2094 ,Knehel
169 2056 232 2093 etlam
241 2055 316 2093 vertit:
337 2054 521 2105 Diessnnnzec'gt'
534 2054 658 2091 iehberer'ts.
684 2053 784 2092 Difficili-
802 2062 807 2074 '

73 2120 133 2145 orem
143 2107 256 2144 lectionem
268 2107 298 2144 sio
309 2105 400 2154 eupliooz
420 2104 512 2154 Spatium
526 2104 570 2141 sine
579 2104 621 2141 fine
629 2104 734 2157 modoque
747 2113 784 2156 est,

73 2165 94 2196 et
104 2157 194 2196 ostendit
201 2158 294 2209 pluribus
302 2157 390 2204 indiciis,
405 2157 443 2205 (se)
454 2156 583 2194 immensum
592 2162 664 2205 patere
675 2164 714 2196 ete.
725 2158 784 2198 Wak.

71 2210 197 2248 infinitivum
210 2223 282 2262 parere
296 2208 448 2255 nominativum
462 2209 550 2246 subiecti
569 2208 646 2246 hahere
658 2209 745 2248 videtur.
758 2231 785 2239 —

74 2274 130 2303 certa
145 2272 165 2301 et
177 2261 234 2299 idem
242 2261 302 2301 Wak.
312 2261 404 2299 restituit
415 2273 425 2298 e
437 2260 497 2301 Vind.
507 2266 528 2298 et
537 2259 595 2300 editt.
606 2263 653 2301 Ver.
663 2263 721 2313 Bou„
734 2275 785 2301 cum

73 2315 148 2367 quihus
157 2314 288 2352 consentiunt
297 2313 350 2354 Brix.
359 2316 410 2353 Ven.
419 2312 465 2350 Ald-
480 2315 498 2353 1.
506 2326 511 2361 3
529 2312 593 2364 vulgo
608 2317 636 2354 αι’
644 2326 706 2355 certa.
753 2341 754 2344 =

91 2421 108 2470 ³)
123 2421 192 2466 Quare
198 2417 270 2455 locum
281 2418 397 2457 accuratius
403 2417 432 2455 sio
441 2417 588 2455 distinxissem:
601 2434 654 2468 nam,
665 2434 724 2472 quom
733 2421 783 2467 cr'ta,

123 2487 195 2524 saepe,
211 2472 275 2509 Obvia
287 2474 405 2523 conflixere,
413 2473 454 2521 fit,
467 2481 491 2509 nt
502 2476 555 2517 eta,
573 2483 600 2508 ne
614 2470 784 2523 quiscotiiungat

123 2539 184 2578 saepe
193 2525 243 2563 cita·
270 2522 310 2561 Sed
322 2523 386 2575 qualis
395 2523 448 2561 haee
455 2519 606 2573 interpunctio!
