1690 2654
82 52 130 98 378
300 48 582 94 ANNOTATIONES

135 165 180 204 999.
207 170 304 199 consueta
317 161 375 200 domu
390 161 414 210 (i.
427 175 444 201 e.
457 161 542 212 domui)
557 163 617 203 Wak.
633 169 663 200 est
680 163 802 201 coniectura

82 231 121 269 pro
137 213 231 252 onmium
248 212 352 250 librorum
369 216 434 262 dorni,
450 216 507 265 quod
524 216 629 267 quomodo
642 215 802 266 intelligendum

83 278 161 307 etcum
173 265 247 304 ceteris
258 265 423 304 construendum
434 267 472 315 sit,
487 281 529 305 non
541 275 639 318 apparet,
653 267 715 306 facile
730 274 801 305 antem

83 334 107 359 ex
119 318 249 356 insolentiori
265 318 328 355 dativi
344 319 414 356 forma
428 319 467 368 (de
483 333 523 370 que
538 320 579 358 vid.
593 320 692 360 Priscian.
709 320 756 367 VH,
769 321 801 360 18.

82 375 99 424 ᾗ.
111 374 140 412 88.
156 372 242 421 (puts.
251 372 285 419 P.)
302 371 380 409 Gellius
392 373 426 419 lV,
436 374 466 412 16.
481 373 578 413 lluddim.
590 376 639 410 inst.
653 374 691 411 Gr.
702 375 716 409 l·
727 385 746 421 p.
755 373 800 413 103.

80 431 123 464 not.
135 422 168 464 47.
183 423 279 461 Schneid.
292 425 327 463 Gr.
341 425 384 462 Lat.
396 427 420 464 Il.
432 438 452 475 p.
464 426 503 465 332
513 438 529 463 ε.
548 433 570 464 et
581 426 618 476 qui
627 425 662 462 hio
674 424 799 472 laudantur)

81 477 131 514 oriri
143 476 219 526 potuit.
247 475 320 524 „Hinc
336 476 400 514 etiam
413 476 568 526 senserimus,
581 477 650 529 inquit
658 476 730 524 Wak,
743 475 801 514 unde

81 530 163 566 malum
178 527 255 579 pedem
269 527 365 566 intulerit
379 529 414 566 ille
425 542 506 578 versus,
520 531 555 582 qui
568 530 621 568 solet
630 530 695 568 libros
705 529 800 579 vulgares

82 581 145 632 [Hav.
159 594 243 632 quoque
254 580 382 631 editionem]
396 595 536 632 conspurcare
550 583 618 633 [inter
627 584 698 622 v.999.
711 589 732 619 et
742 585 800 621 1000.

79 634 194 683 insertus]‚
210 633 303 684 quamvis
314 633 340 670 ah
352 634 448 671 omnihus
459 636 506 676 Mss.
515 634 614 684 exemplis
624 640 645 672 et
657 634 753 672 omnibus
764 646 801 671 an-

79 686 142 738 tiquis
154 687 210 723 editt.
223 685 311 722 exsulet.-
722 690 723 693 ’
739 724 743 727 r

158 744 243 789 Degere,
249 752 309 788 saepe
317 738 379 774 leuem
385 749 410 774 ex
417 738 481 775 oculis
487 739 629 791 volucrumque
635 753 733 789 soporem.
741 759 768 765 -
775 757 800 764 -

80 790 113 827 Sic
122 789 200 827 vibiani
210 801 261 826 vara
271 787 371 840 sequitur.
378 787 393 809 “
418 791 459 826 Iste
470 797 541 828 autern
551 802 621 829 versus
632 803 644 828 a
654 789 757 828 Lambino
770 796 801 827 est

79 842 189 880 confictus.
315 849 317 855 ⁴

133 898 191 933 1000.
218 896 243 932 de
254 891 316 941 terra]
328 891 392 932 Bentl.
402 891 456 932 coni.
467 896 491 932 de
501 909 577 941 somno,
586 900 609 932 ut
620 896 654 943 lu,
664 894 707 934 164.
721 894 801 943 „Nem-

78 959 106 997 pe
120 958 131 982 e
141 950 201 992 sorio,
213 944 293 996 inquit,
306 944 429 982 factumest
442 948 497 990 solo,·
516 945 564 984 inde
575 958 630 985 terro
641 948 698 984 venit
709 958 733 984 ex
744 945 799 998 glos-

79 999 129 1046 sa;⁴‘
144 997 200 1048 quod
211 996 338 1050 ingeniosius
350 996 449 1044 dixerim,
465 1010 528 1048 quam
538 997 674 1048 probabilius

131 1052 189 1089 1002.
216 1048 268 1103 quo]
283 1050 312 1086 sic
331 1061 404 1086 omnes
420 1050 480 1097 libri,
496 1063 547 1101 quos
562 1052 608 1088 iure
626 1049 721 1100 sequitur
737 1048 799 1088 Wak.

78 1103 146 1152 Vulgo
159 1118 228 1155 quom,
243 1101 290 1148 „uti
300 1113 349 1138 saue
361 1101 439 1152 legitur
449 1102 471 1138 in
484 1102 555 1147 Vind.;
568 1103 605 1140 sed
615 1101 712 1141 collatori
721 1101 798 1139 somni-

80 1155 153 1192 culoso
172 1167 222 1191 cave
237 1152 336 1191 credas.“
356 1156 428 1194 Wob.
461 1155 509 1190 Non
525 1167 607 1203 semper
624 1160 695 1191 autem
712 1165 753 1192 tam
774 1171 799 1182 -·

79 1222 151 1258 qinom,
167 1218 225 1244 tanto
239 1226 263 1234 -
277 1215 352 1257 quanto
364 1211 403 1242 etc.
419 1204 536 1242 necessario
550 1206 590 1242 sihi
605 1206 743 1253 respondere,
758 1205 799 1241 do-

79 1264 128 1295 cent
141 1257 183 1295 loci
199 1259 235 1303 IV,
252 1257 283 1295 79.
300 1259 331 1296 80.
346 1257 385 1296 252
395 1269 420 1293 ss.
435 1258 492 1296 1085.
506 1259 562 1297 1086.
577 1258 602 1303 V,
612 1255 657 1296 453.
668 1254 713 1296 454.
723 1254 762 1296 484
774 1268 799 1295 se.

78 1309 168 1356 V1‚460.
181 1308 265 1360 aliique.
279 1331 306 1335 —
318 1311 447 1348 scrutiniorum
460 1311 510 1348 Ha'v.
522 1315 543 1345 et
556 1309 616 1347 Walr.
628 1308 739 1346 ediderunt
750 1321 799 1347 cum

77 1361 173 1411 plurimis
181 1361 256 1402 libris.
271 1360 321 1399 Brit.
330 1361 350 1398 2.
361 1361 381 1399 3.
395 1365 528 1409 senariorum,
541 1363 589 1399 Ver.
603 1362 653 1410 Ven.
664 1363 798 1409 serendorum,

77 1414 127 1451 Brit.
140 1415 157 1452 1.
168 1420 189 1450 et
197 1413 242 1451 Ald.
251 1414 271 1450 2.
283 1416 360 1450 semina
369 1427 450 1457 eorum,
468 1420 491 1449 ut
501 1412 613 1462 pleraeque
624 1413 682 1451 editt.
692 1412 799 1464 vulgare53

78 1465 163 1503 Greech.
175 1469 253 1504 semina
263 1480 335 1503 rerum.
363 1464 403 1501 Sed
414 1464 461 1501 vide
472 1467 506 1512 Iu,
519 1463 564 1504 742.
575 1462 620 1504 746.
631 1471 651 1502 et
663 1463 707 1508 764.

132 1519 188 1557 1003.
216 1520 300 1562 eadem]
314 1514 363 1554 Brit.
375 1517 395 1554 2.
412 1519 487 1556 eodem.
501 1538 528 1544 —
540 1516 629 1566 saevire]
644 1517 705 1554 Vind.
718 1517 766 1554 Brit.
778 1518 798 1556 2.

78 1570 97 1609 3.
115 1569 167 1607 Brix.
186 1570 233 1607 Ver.
251 1570 302 1605 Ven.
316 1570 373 1615 (non
383 1580 434 1606 vero
446 1568 492 1606 ild.
504 1569 534 1614 1.‚
549 1580 613 1619 quam
626 1569 712 1606 Gerard.
726 1568 796 1616 addit)

78 1636 100 1660 se
115 1625 165 1660 ur're.
178 1641 203 1648 ·-
216 1637 318 1659 necessum
337 1620 377 1669 est]
395 1620 452 1658 Bodl.
469 1622 521 1660 Brix.
533 1621 580 1661 Ver.
592 1620 697 1661 VemAld.
710 1622 728 1660 1.
744 1622 797 1660 Bon.

78 1688 159 1712 necesse
168 1684 210 1717 est,
224 1671 284 1711 Vind.
296 1686 385 1710 recessus
395 1684 433 1710 est.

130 1722 188 1763 1004.
215 1726 283 1772 pinnis
298 1723 359 1760 Wak.
376 1722 459 1773 scripsit
473 1736 521 1761 cum
532 1722 627 1772 plurimis
637 1722 702 1763 libris.
728 1723 796 1775 Vulgo

75 1780 161 1828 pennis,
175 1781 199 1812 ut
210 1777 273 1813 Poor.
283 1775 331 1812 ssrir.
341 1777 360 1813 2.
373 1775 392 1814 3.
404 1778 457 1812 lunt.
472 1781 493 1812 et
505 1775 550 1812 nid.
561 1776 581 1815 2.

124 1830 188 1867 1006.
215 1829 246 1876 ¹De
257 1829 361 1879 scripisse,
371 1827 412 1863 hoo
421 1839 463 1864 uno
473 1826 596 1877 Latinorum
607 1825 736 1876 scriptorum
746 1826 796 1865 loco

78 1890 155 1929 genere
166 1871 238 1931 feinin.
248 1884 354 1928 usurpato,
367 1879 422 1918 conf.
432 1878 512 1916 Nonius
519 1882 551 1925 ill,
560 1876 598 1927 14,
612 1879 668 1915 hunc
678 1885 699 1915 et
709 1891 797 1930 sequen-

77 1937 121 1969 tem
133 1944 218 1969 versum
234 1938 348 1981 propterea
362 1930 462 1979 laudans,
476 1930 574 1969 Ruddim.
589 1934 637 1968 Inst.
654 1931 689 1968 Gr.
702 1930 719 1970 Ι.
732 1944 752 1981 p.
763 1932 796 1971 19.

77 1990 121 2020 not.
133 1986 151 2023 6.
164 1991 185 2020 et
196 1979 291 2020 s'olrneid.
306 1984 340 2020 Gr.
352 1984 398 2022 Lat.
409 1984 437 2021 II.
448 1995 469 2032 p.
479 1985 511 2022 91.
524 2001 551 2011 -
564 1981 617 2030 leni]
632 1982 696 2034 Lugd.
704 1984 722 2022 1.
734 1984 795 2021 Poor.

79 2036 130 2072 Brit.
142 2037 159 2073 1.
172 2038 191 2073 2.
204 2039 252 2086 Ver.
265 2037 317 2072 Ven.
329 2037 374 2076 levi.
388 2057 413 2062 —
426 2035 458 2081 si]
474 2034 562 2080 Nonius,
575 2035 628 2071 lunt.
640 2039 661 2069 et
672 2034 718 2071 Ald.
730 2036 749 2074 2.
759 2037 795 2084 sic,
834 2073 835 2076 ,

80 2085 141 2124 Vind.
153 2087 201 2124 ssrit.
211 2088 230 2126 2.
242 2103 269 2126 se.
284 2108 308 2114 -
322 2084 452 2138 pugnasque]
468 2085 498 2123 sic
513 2084 603 2122 editores
619 2097 667 2122 cum
681 2086 739 2124 Bodl.
749 2085 796 2125 Ald.

80 2138 98 2175 1.
112 2139 131 2177 2.
146 2140 195 2176 Bou.
207 2138 262 2176 [unt.
274 2144 295 2175 et
304 2139 385 2184 Noni03
399 2137 476 2187 reliqui
487 2136 535 2174 libri
542 2151 632 2189 pugnas.
657 2138 704 2175 Non
717 2137 796 2176 mirum

80 2195 162 2237 autem,
175 2191 228 2226 illud
243 2206 291 2243 que,
310 2191 366 2240 quod
383 2196 473 2226 metrum
490 2190 590 2226 excedere
603 2188 723 2236 videbatur,
743 2203 755 2227 a
767 2189 795 2226 li-

78 2240 153 2277 brariis
169 2243 267 2280 omissum
284 2255 334 2280 esse.
356 2241 408 2289 (Alii
424 2253 494 2277 versus
512 2240 640 2290 hypermetri
658 2241 681 2278 in
696 2240 794 2278 Lucretio

78 2299 127 2329 sunt
136 2293 162 2339 Il,
173 2295 228 2341 117„
241 2293 277 2331 uhi
288 2306 372 2343 prorsus
382 2292 456 2330 eodem
466 2290 530 2329 modo
538 2308 658 2345 pugnosque
667 2295 733 2331 Edere
743 2292 796 2343 legi-

78 2349 137 2392 m’us,
152 2357 193 2382 nec
207 2344 275 2382 minus
288 2361 326 2397 que
339 2344 360 2380 in
376 2344 470 2394 pluribus
483 2343 541 2380 libris
553 2344 666 2393 omittitur,
681 2346 714 2392 IV,
725 2346 756 2386 77.
773 2350 795 2381 et

79 2397 114 2434 alii
124 2397 224 2444 fortasse,
239 2396 274 2446 qui
282 2409 316 2433 rue
327 2396 446 2446 fugerunt.)
460 2395 521 2434 Wak.
531 2402 603 2434 tamen
612 2403 696 2448 praeter
705 2396 795 2434 necessi-

79 2454 146 2500 tatem
159 2447 214 2487 coni.
221 2449 301 2502 proelia
308 2463 391 2501 pugnis.
