1690 2654
229 92 269 134 au
286 77 419 131 nmium
435 90 597 142 outurmu
649 100 654 109 x
728 89 775 161 tot

59 199 176 253 elegantior
191 205 212 238 et
225 197 352 250 simplicior3
366 199 411 237 iel:
424 202 566 253 Posterior-qne
579 214 612 239 res
624 199 792 252 melin-perdit⁶

1 258 9 298 εἷς
58 256 97 293 illc
110 263 203 305 reperta,
217 263 238 291 et
251 255 345 290 immutat
359 253 440 290 sensus:
454 260 507 302 quae
516 252 600 289 videtur
609 252 676 289 minus
685 251 774 302 signata,

2 312 8 350 ’.ᾗ
59 304 131 342 durior
144 317 168 341 ac
177 303 304 348 tortuosior3
317 302 385 340 arrisit
396 308 468 340 tamen
479 302 593 353 editoribus
604 310 624 341 et
633 303 728 354 pluribus
742 303 775 341 in·

58 355 192 405 terpretihus.
198 350 216 376 ‘⁶
227 357 259 392 W
259 370 273 392 a
278 356 298 391 lc.

62 403 63 406 '
110 405 167 446 1415.
193 404 259 458 cepit]
277 404 307 443 ita
322 403 384 446 Wak.
401 417 450 443 cum
465 404 515 442 Brit.
530 406 549 445 3.
566 406 622 455 ,Cant
641 411 662 443 et
679 404 725 444 Ald.
740 406 773 454 2.;

58 456 121 508 vulgo
131 459 204 509 coepit.
300 496 302 498 ,
492 475 499 479 -
678 485 680 490 -

2 506 6 541 Ϊ
52 520 56 529 ¹
110 507 166 547 1417.
194 506 281 557 „Vulgo
292 513 340 556 post
346 508 418 560 ferina
426 514 508 557 ponunt
517 519 560 551 eam·
573 508 658 545 vetustis
667 507 727 544 libris
741 508 775 558 [et

59 559 154 604 omnibus
165 558 222 598 editt.
234 559 298 607 vett]
313 559 482 597 reclamantibus.
510 559 565 597 Ordo
579 566 623 597 est:
634 559 709 608 relus,
723 559 773 597 feriss

3 629 7 657 ς
58 623 85 649 na
97 609 169 659 vestis,
183 609 259 648 cecidit
274 611 422 664 contempta.“
436 614 468 651 W
470 626 484 650 a
491 613 511 650 ie.
539 612 638 650 Ceterum
648 614 701 649 lunt.
714 610 774 650 enhi-

57 661 191 712 hetjerinae‚
204 661 311 700 mendose.

3 714 6 753 i
110 711 168 752 1118.
196 724 244 752 tnnc
255 714 318 750 lectio
328 720 359 751 est
368 712 508 763 plurimorum
517 713 628 764 librorum,
640 727 692 765 quae
702 721 774 752 tamen

58 764 136 803 aWak.
146 764 250 802 correctio
261 764 352 802 hahetur
362 777 423 802 verae
434 765 550 814 scripturae
560 781 619 813 nunc,
632 778 644 803 e
655 766 721 816 Lugd.
729 767 746 805 1.
753 768 773 807 2.

58 817 114 855 Cant.
127 816 174 853 Ver.
186 816 238 854 Veri.
250 828 262 852 a
271 828 292 853 se
301 822 411 865 receptae,
426 822 447 853 et
460 815 532 866 paullo
547 817 677 854 artificiosius
692 817 722 854 sic
736 828 773 854 ex-

57 867 158 917 plicatae:
173 869 280 918 „Egom'et
288 880 344 905 nunc
356 867 438 904 dierum
448 879 508 914 reor;
521 868 597 914 vitam,
612 881 676 917 quam
685 868 773 905 vivimus

57 918 130 963 hodie,
145 918 241 955 omnihus
258 918 337 956 artibus
354 918 469 968 excultam,
484 932 533 955 cum
547 918 699 967 simplicissima
714 926 774 956 vete-

2 967 5 1006 ἕ
56 982 105 1007 rum
119 969 241 1007 mortalium
257 969 378 1007 conditione
395 982 523 1019 componens
537 970 644 1008 scilicet.“
670 972 713 1009 Nos
724 983 773 1009 cum

56 1020 130 1058 Eichst.
143 1027 164 1058 et
176 1021 238 1060 Orell.
249 1021 355 1073 vulgatam
363 1021 493 1059 retinuimus.

108 1071 165 1111 1420.
193 1073 323 1123 distractam]
338 1074 368 1110 sic
382 1073 441 1110 Wak.
455 1072 633 1121 (Eichst.01ell.l
648 1085 696 1111 cum
711 1073 772 1111 Vind.

56 1121 105 1162 Brit.
118 1126 136 1162 1.
146 1125 166 1162 2.
175 1125 195 1162 3.
210 1126 266 1161 Cant.
282 1131 303 1161 et
317 1124 413 1162 omnibus
423 1124 481 1162 editt.
491 1130 556 1169 vett.;
569 1124 632 1175 vulgo
645 1127 773 1172 distractum,

56 1180 81 1212 ut
90 1175 154 1213 ceteri
163 1174 223 1223 libri,
237 1187 311 1226 „quae
322 1176 398 1223 lectio,
412 1182 436 1213 ut
447 1175 507 1215 Wak.
520 1181 602 1222 censet,
616 1175 669 1213 ferri
683 1181 773 1226 poterat,

1 1237 2 1240 ’
35 1262 38 1268 .
55 1233 152 1275 respectu
161 1226 188 1263 ad
198 1226 255 1265 aliud
263 1240 341 1265 nomen
351 1228 434 1276 habito,
449 1234 473 1264 ut
483 1227 533 1264 alibi
543 1226 565 1264 in
575 1227 685 1274 Lucretio,
699 1227 773 1278 vulga-

56 1284 89 1314 tae
100 1284 173 1314 tamen
183 1285 256 1327 utpote
266 1279 388 1329 simpliciori
399 1285 419 1314 et
428 1278 526 1328 apertiori
536 1279 678 1326 posthabenda
688 1282 745 1315 est.“

109 1326 165 1369 1421.
192 1334 315 1383 Disperiisse
324 1330 383 1369 Wak.
395 1342 419 1371 ex
429 1330 524 1367 omnihus
533 1329 591 1366 libris
604 1331 708 1379 (quorum
718 1342 772 1367 non-

56 1379 109 1417 nulii
118 1388 199 1418 tantum
210 1385 326 1434 Disperisse
337 1382 437 1431 praebent
441 1383 463 1430 ,)
477 1379 569 1418 restituit
578 1387 616 1430 pro
628 1380 709 1431 vulgari
719 1385 771 1420 Dis-

53 1436 148 1483 persisst’,
163 1432 219 1482 quod
229 1433 285 1470 haud
296 1432 358 1470 dubie
370 1445 394 1469 ex
404 1432 488 1483 ingenio
500 1424 596 1468 Lambini
605 1432 672 1480 fluxit,
679 1454 681 1458 ·
688 1433 725 1468 etsi
736 1432 771 1469 hic

56 1484 78 1519 in
86 1484 134 1521 Cod.
142 1486 178 1523 Ms.
185 1484 215 1521 sio
224 1485 324 1521 invenisse
330 1485 386 1521 dicit.
407 1485 520 1533 Receptam
529 1483 643 1521 lectionem
654 1484 697 1520 iam
708 1483 771 1521 Hein-

57 1534 97 1571 sius
112 1535 138 1572 ad
155 1535 232 1574 Claud.
242 1537 264 1574 in
276 1535 342 1574 Rufin.
355 1538 380 1581 Il,
392 1534 436 1576 416.
449 1548 459 1572 e
470 1535 549 1573 duobus
563 1535 628 1573 Godd.
642 1537 699 1573 Voss.
714 1534 742 1584 (i.
753 1547 770 1576 e.

1 1601 2 1604 ¹
56 1585 122 1637 Lugd.
136 1589 153 1626 1.
166 1588 196 1637 2.)
210 1587 232 1624 in
244 1594 365 1625 contextum
377 1587 517 1625 revocandam
529 1586 615 1627 censuit.
649 1597 654 1600 ·

109 1636 166 1677 1422.
194 1640 280 1688 υσιινὶε]
295 1640 344 1677 Brit.
355 1642 373 1679 1.
389 1655 449 1678 curae
462 1650 504 1686 est5
519 1651 572 1689 quae
585 1638 677 1679 varietas
687 1638 731 1675 sine
740 1649 772 1679 est

27 1693 31 1698 “
57 1689 116 1727 valde
128 1691 252 1740 placuisset,
266 1691 292 1728 ad
301 1691 357 1729 hanc
370 1691 558 1728 constructionem:
572 1695 651 1728 Aurum
663 1698 684 1728 et
693 1704 770 1741 purpu-

57 1753 91 1789 ra,
105 1754 216 1794 quaesunt
228 1755 290 1780 curae
301 1756 326 1781 ac
336 1742 478 1780 sollicitudini.
506 1742 548 1780 Sed
561 1742 711 1793 exemplaribus
721 1742 771 1793 plu-

56 1793 113 1831 ribus
123 1801 185 1844 atque
194 1795 341 1832 vetustioribus
352 1793 511 1832 auscultandum
522 1796 624 1834 remurf‘*
633 1798 664 1834 W
668 1810 680 1833 α
685 1797 704 1833 1⁴.
751 1837 753 1842 ¹

108 1846 165 1885 1427.
191 1849 304 1897 rigentibus
313 1847 373 1885 Wak.
382 1846 447 1883 edidit
456 1858 467 1883 e
477 1846 552 1883 Iortini
561 1845 692 1893 coniectura,
707 1858 770 1896 quam

24 1907 26 1909 ·
57 1895 157 1934 roborant
171 1897 223 1935 locis
242 1898 324 1949 Virgilii
339 1903 389 1937 Aen.
404 1900 441 1945 XI,
453 1899 484 1936 72.
498 1904 518 1934 et
529 1901 544 1945 I,
556 1898 601 1937 648.
615 1898 671 1945 (non
686 1897 737 1937 ibid.
750 1911 770 1938 v.
804 1921 807 1925 ι

57 1946 114 1998 648„
128 1956 151 1986 ut
168 1950 228 1988 Wak.
245 1955 266 1987 et
281 1963 329 1987 cum
348 1963 371 1987 eo
384 1949 447 1988 Orell.
458 1948 559 1998 scripsit.)
575 1950 622 1986 Ver.
632 1951 683 1988 Ven-
696 1949 740 1987 ild.
751 1952 769 1989 1.

57 2000 106 2037 Bon.
117 2003 245 2052 vigentibus,
259 2001 335 2052 reliqui
347 2001 396 2039 libri
406 2002 533 2053 ingentibus,
547 2006 571 2049 ut
582 2000 644 2052 vulgo
657 2001 731 2039 editur.

33 2072 36 2076 ¹
63 2063 66 2066 ’
92 2052 165 2099 1431).
192 2058 233 2100 „in
248 2055 304 2091 deest
316 2054 382 2105 Lugd.
395 2055 443 2093 12.
456 2054 517 2090 Poor.
530 2054 582 2092 Brit.
595 2054 612 2091 1.
624 2055 671 2092 213.
688 2053 769 2103 [Brisa]

56 2101 108 2142 Ven.
128 2105 218 2154 [Ven.],
238 2112 301 2156 atque
317 2105 423 2142 corruenti
439 2111 508 2142 metro
525 2104 554 2141 sic
568 2104 694 2153 subveniunt
709 2107 769 2143 Poor.

2 2203 3 2206 Ἴ
56 2154 104 2193 Brit.
111 2140 134 2195 ¹1.
144 2158 163 2196 2.
176 2162 205 2196 Et
214 2174 291 2210 semper
302 2158 384 2196 ceris.“
399 2159 444 2195 We
450 2159 469 2194 lc.

44 2240 45 2243 ,
108 2205 166 2248 1433.
191 2209 298 2262 provexit]
315 2209 367 2247 Brit.
376 2209 395 2246 2.
403 2209 510 2260 perduxit,
523 2206 591 2244 minus
601 2206 714 2259 eleganter.

107 2258 165 2299 1435.
192 2276 287 2314 magnum
296 2260 324 2311 et]
337 2261 367 2297 sic
377 2272 449 2297 omnes
459 2258 555 2308 editores,
564 2265 648 2309 praeter
657 2261 724 2308 Wala,
733 2260 768 2310 qui

57 2320 77 2347 et
88 2313 166 2359 omisit,
179 2313 250 2361 piures
259 2325 308 2349 saue
319 2313 384 2349 libros
392 2317 497 2362 sequutus.
525 2312 566 2349 Sed
576 2312 673 2361 copulam
684 2318 768 2349 tuentur
816 2327 818 2330 ·

56 2361 114 2402 Bodl.
130 2363 191 2402 Vind.
209 2366 265 2402 Cant.
283 2363 327 2402 ald.
340 2366 357 2404 1.
374 2366 423 2402 Bon.
441 2365 531 2401 attunt.
559 2363 660 2401 Bentleius
675 2368 767 2411 annotat,

14 2430 15 2433 ¹
57 2411 112 2452 huuc
122 2414 195 2459 locum
206 2414 320 2453 Prudentia
331 2421 379 2453 ante
390 2415 461 2452 oculos
471 2414 534 2451 luisse
544 2416 589 2453 adv.
599 2418 678 2466 Symm.
685 2417 702 2464 1,
709 2415 754 2454 310.

107 2464 164 2507 1410.
191 2467 292 2517 discreta]
307 2467 366 2505 Bodl.
378 2469 425 2505 Ver.
438 2468 487 2506 Ven.
499 2468 599 2507 districto.
