1690 2654
89 132 138 178 444
316 131 585 173 Arrornrtorrs

91 241 182 280 ctionem
198 238 332 278 retinendam
348 240 407 289 duxi,
423 252 486 291 quarn
500 240 571 289 Walt„
585 239 718 292 sequentibus
728 239 804 277 Eichst.

66 294 68 298 ’
90 300 111 330 et
124 292 201 339 orell,
215 304 226 328 e
241 293 309 343 Lugd.
319 296 338 331 1.
352 293 475 332 Poors‘rrit.
488 294 506 331 1.
518 294 537 331 3.
553 294 608 330 Cant.
620 299 641 329 et
652 292 710 329 editt.
722 298 771 328 vett.
783 291 805 327 in

86 348 197 397 privarant
206 345 307 391 mutavit,
322 344 381 383 cuius
391 351 463 383 tamen
475 344 676 395 plusquamperfecti
687 343 729 382 vim
740 350 760 381 et
771 355 805 381 ra-

87 395 170 433 tionem
179 408 223 433 non
233 396 345 447 perspicio.

141 449 199 487 1000.
226 449 281 497 Nec]
297 448 328 486 sic
338 460 418 494 omnes,
433 453 536 499 quotquot
545 447 687 496 innotuerunt,
700 445 749 484 libri
759 446 807 485 Mss.

89 505 221 550 cunctaeque
238 500 296 538 editt.
312 507 373 549 vett,
384 497 470 550 quibus
490 500 550 538 Wak.
568 506 626 537 recte
642 496 805 548 olrtemperavit;

88 551 185 601 vulgares
197 557 269 589 tamen
281 551 381 600 editores,
396 564 433 589 suo
445 550 529 601 ingenio
542 552 611 598 ducti,
625 554 677 598 Sed,
693 549 748 600 quod
764 548 806 586 mi-

88 615 126 641 ror
138 602 211 641 Orellii
223 603 337 641 Censorem
348 604 457 640 lenensem
466 603 546 651 saepius
556 603 642 640 allatum
652 601 805 651 comprobasse.

90 656 190 692 Ceterum
200 667 243 691 non
252 667 336 704 prorsus
346 654 446 690 assentior
455 653 595 698 Wakefieldo,
611 654 656 703 qui,
670 654 727 689 hunc
742 653 806 689 etiam

89 719 173 743 versum
183 705 293 755 permultis
304 704 466 754 interpungendi
477 704 540 753 signis
551 711 631 741 temere
643 717 743 750 onerans,
757 715 806 740 ver-

88 757 117 796 ba
129 756 286 807 sicconiungit:
301 757 346 794 Nec
357 767 415 793 mare
425 754 518 793 saevibat
531 755 564 804 (in
575 768 637 793 naves
648 754 734 803 scilicet,
749 754 806 805 quod

89 821 101 847 e
120 808 225 859 prioribus
242 808 350 858 supplet),
364 814 458 854 temere,
472 806 588 856 incassum,
602 807 680 845 frustra
697 813 805 854 coortum3

90 873 143 911 quae
157 860 215 897 ratio
232 860 303 909 paullo
320 860 441 909 impeditior
455 858 544 895 videtur.
579 859 630 896 Mihi
644 859 713 908 potius
731 858 807 907 copula

89 928 137 959 nec,
151 919 176 949 ut
185 911 316 961 saepissime,
329 924 372 948 non
382 917 465 948 tantum
475 909 501 947 ad
513 910 599 948 verbum
608 912 717 958 saevibat,
730 910 767 947 sed
779 908 807 947 ad

91 976 176 1001 omnem
187 962 311 1001 sententiam
320 962 437 1013 pertinere,
452 962 548 1000 omnibus
558 962 600 1000 eius
611 962 678 1000 verbis
690 962 807 999 communis

91 1027 134 1052 esse
145 1016 237 1064 videtur,
252 1015 310 1065 quasi
319 1015 430 1052 Lucretius
440 1014 532 1051 dixisset:
547 1016 592 1051 Nec
601 1026 662 1063 saepe
672 1020 752 1050 temere
762 1025 807 1050 nra-

89 1079 114 1104 re
126 1066 260 1104 cooriebatur
270 1073 290 1103 et
300 1066 412 1103 saeviebat.
426 1088 450 1095 -
464 1068 565 1104 incassum
570 1065 669 1116 frustra]
684 1064 767 1101 Retinni
777 1064 806 1101 le-

91 1118 184 1155 ctionem
194 1118 220 1154 ab
231 1119 281 1155 Hav.
290 1124 311 1154 et
316 1117 376 1156 Wak.
382 1123 496 1166 receptam,
507 1131 570 1167 quam
580 1131 622 1154 non
633 1116 701 1154 solum
711 1115 807 1153 omnium

90 1169 136 1207 fere
145 1168 250 1205 librorum
260 1180 382 1214 consensus,
396 1168 431 1205 sed
444 1168 506 1204 etiam
516 1169 575 1205 locus
584 1167 701 1205 simillimus
713 1170 737 1211 II,
748 1169 806 1207 1060.

90 1226 168 1256 tuetur.
194 1219 225 1255 Pii
242 1218 305 1255 Codd.
322 1226 343 1255 et
358 1222 411 1257 lunt.
426 1223 508 1257 incursu
518 1222 609 1269 fluctuo,
624 1218 681 1267 quod
693 1218 769 1255 Eichst.
784 1224 807 1254 et

92 1270 154 1308 Orell.
165 1276 301 1319 receperunt,
318 1269 420 1320 huiusque
433 1271 512 1307 Censor
523 1270 615 1308 lenensis
625 1269 724 1310 defendit.
738 1313 739 1316 Ἰ
752 1270 807 1306 Vos-

91 1322 131 1360 sius
142 1320 169 1358 ad
180 1321 255 1359 Catull.
266 1320 405 1371 petonem.
412 1323 489 1373 flustra
499 1334 537 1371 pro
544 1322 634 1374 frustra,
646 1327 668 1359 et
678 1320 750 1359 Lamb.
762 1319 806 1358 edi-

45 1391 51 1399 ·
91 1374 122 1410 dit
135 1384 147 1410 e
161 1372 294 1410 coniectura:
308 1376 349 1412 Sed
362 1383 436 1411 temere
452 1375 564 1424 incassum,
578 1389 634 1413 mare
640 1375 735 1426 fluctibu'
746 1387 807 1425 saepe

91 1428 177 1470 coortis,
192 1437 244 1474 quae
257 1424 348 1475 vulgaris
358 1424 422 1460 lectio
432 1424 495 1461 facta.
770 1436 775 1440 ·

143 1477 200 1515 1001.
224 1476 325 1526 ponebar]
340 1475 478 1515 sicAld.1.2.
489 1477 539 1514 Bon.
548 1477 602 1513 Iunt.
614 1480 640 1524 et,
654 1475 670 1513 si
680 1476 807 1525 Havercam-

90 1539 117 1578 po
129 1527 181 1565 fides
192 1533 223 1565 est
232 1527 335 1577 habenda,
347 1526 412 1579 Lugd.
419 1528 436 1567 1.
443 1528 463 1566 2.
472 1526 532 1564 Bodt.
539 1540 549 1576 ;Χ
560 1526 616 1577 quod
625 1533 696 1565 tamen
706 1526 724 1564 si
733 1538 807 1565 verum

90 1579 173 1624 fuisset,
186 1591 230 1616 non
245 1586 342 1628 apparet,
357 1578 463 1629 quomodo
478 1578 527 1615 inde
542 1584 625 1615 exortae
635 1579 677 1615 sint
686 1585 730 1615 tam
740 1579 806 1615 mirae

90 1629 187 1666 lectionis
204 1631 326 1677 varietates;
340 1643 390 1667 narn
400 1631 463 1668 Poor.
474 1629 526 1668 Brit.
536 1631 554 1668 1.
565 1630 622 1666 Cant.
631 1632 739 1682 poscebat,
752 1629 805 1667 Brix.

88 1682 197 1733 promebat,
211 1682 259 1720 Ver.
269 1683 321 1721 Ven.
335 1682 431 1734 potebas,
445 1679 494 1720 Brit.
505 1682 524 1720 ⁶2.
536 1682 631 1733 petebat,
644 1681 693 1719 Brit.
702 1682 721 1721 3.
731 1691 807 1734 porta-

91 1735 134 1772 bat.
162 1734 230 1778 Quare
243 1732 317 1769 iamin
326 1733 378 1771 Diss.
387 1744 435 1770 mea
447 1732 472 1770 de
481 1731 542 1769 Lu'cr.
553 1738 596 1769 not.
605 1734 637 1772 66.
652 1732 699 1780 (ubi
711 1731 737 1769 de
748 1731 807 1770 omni

91 1784 133 1820 hoc
148 1783 196 1820 loco
215 1784 344 1834 disputavi),
357 1784 455 1834 proposui
472 1784 616 1820 coniecturam
629 1785 738 1836 pascebat,
752 1797 764 1820 a
777 1784 808 1820 le-

92 1834 195 1873 ctionibus
203 1837 300 1886 poscebat
312 1842 333 1873 et
340 1839 435 1885 possebat
444 1848 487 1873 uno
498 1834 561 1872 modo
571 1835 655 1872 literula
667 1835 806 1884 differentem,

92 1899 155 1937 quam
165 1892 243 1935 tamen,
256 1886 307 1924 licet
317 1887 369 1925 milii
379 1881 530 1925 verisimillima
539 1886 640 1934 videatur,
653 1886 675 1923 in
686 1892 807 1924 contextum

91 1938 186 1988 recipere
200 1951 243 1975 non
258 1951 320 1976 ausus
333 1951 385 1976 sum.
412 1942 481 1988 Illtnqs
489 1953 572 1991 poscere
583 1944 652 1976 autem
663 1937 743 1975 dictum
754 1944 807 1975 esset

91 2002 130 2040 pro
146 1993 212 2028 minas
228 1992 291 2038 alere,
306 1990 485 2040 quemadmodum
499 1989 535 2025 alii
551 1989 613 2026 etiam
626 1989 736 2037 scriptores
748 1986 807 2026 furo-

91 2053 150 2087 rem,
169 2040 223 2077 iram
239 2054 337 2090 pascere,
358 2041 393 2078 vel
411 2041 479 2088 alere,
499 2040 578 2077 dicunt.
606 2041 805 2092 (Conf3Claudian.

91 2093 190 2139 XXXIX,
200 2093 232 2132 22.
247 2092 307 2131 Silius
319 2094 365 2139 Xll,
375 2093 419 2132 721.
434 2092 478 2132 Cic.
488 2104 508 2141 p.
517 2094 571 2131 Sext.
583 2105 600 2129 c.
608 2093 639 2132 38.
650 2093 703 2140 etc.)
718 2095 806 2130 Omnem

91 2143 156 2194 igitur
164 2143 207 2181 loci
215 2155 298 2182 sensum
307 2143 329 2181 in
340 2144 391 2183 Diss.
406 2144 463 2181 laud.
480 2143 510 2180 sic
525 2143 619 2193 exposui:
632 2143 731 2183 Nondum
746 2154 806 2181 mare

91 2194 201 2231 turbidum
211 2208 272 2233 naves
283 2196 305 2232 in
315 2196 366 2233 saxis
375 2195 506 2245 scopulisque
518 2195 623 2245 confregit
632 2202 653 2232 et
665 2195 724 2243 elisit,
738 2206 806 2246 neque

93 2245 178 2283 omnino
189 2259 249 2296 saepe
263 2253 360 2285 coortum
371 2246 442 2284 saeviit
451 2252 532 2283 temere
545 2253 566 2283 et
583 2247 626 2283 sine
641 2247 728 2291 effectu,
742 2253 775 2293 et,
789 2245 807 2283 si

91 2297 180 2335 fortasse
196 2305 326 2337 commotum
340 2305 395 2345 erat,
408 2298 483 2335 leviter
493 2304 576 2335 tantum
589 2298 656 2336 minas
671 2297 752 2345 alebat,
765 2303 806 2335 sta-

91 2349 130 2387 tim
142 2347 169 2385 ad
180 2348 272 2398 priorem
282 2350 458 2402 tranquillitatem
468 2349 561 2397 rediens,
576 2349 652 2401 quippe
663 2349 731 2400 quod,
744 2348 806 2386 navi-

91 2400 176 2452 gatione
194 2401 287 2438 nondum
305 2403 401 2450 inventa,
421 2402 473 2438 nihil
491 2401 583 2451 adesset,
604 2402 632 2438 in·
643 2401 699 2453 quod
711 2401 806 2439 furorem

91 2465 153 2490 suum
165 2451 289 2491 effunderet.

145 2504 203 2545 1003.
231 2503 293 2545 Geni.
304 2517 353 2543 cum
363 2504 404 2543 hoc
414 2516 474 2543 versu
484 2502 542 2542 locus
551 2505 576 2552 ll,
587 2502 632 2544 560.
