1690 2654
87 71 135 119 144
154 136 159 144 Ι
272 69 316 113 DE
338 69 459 114 RERUM
478 69 614 115 NATURA

136 179 177 234 Sed
189 179 346 231 quintanam,
358 179 437 231 placida
449 189 556 231 cumpace
568 181 652 234 quietus,

121 251 130 259 f
137 234 247 273 constitues
259 245 343 284 magnos
355 233 431 273 irarum
443 235 525 273 volvere
536 235 619 282 fluctum

99 281 127 326 75
138 285 180 325 Nea
193 285 275 325 delubra
288 285 347 325 deirm
358 286 437 336 placido
450 299 496 325 eum
508 289 588 336 pectore
600 286 670 336 adibis,

136 337 184 386 Nee,
198 337 223 376 de
236 349 319 389 corpore
332 350 382 389 quae
395 342 462 379 saneto
474 338 582 379 simulacra
596 338 688 381 seruum

135 389 160 428 In
172 389 256 429 menteis
267 390 373 430 hominum
384 390 463 430 divinae
475 391 544 430 nuntia
556 391 641 438 formae,

135 440 242 492 Suscipere
253 442 304 482 haec
317 443 379 482 animi
393 443 500 494 tranquilla
512 456 561 493 pace
572 443 654 483 valebis.

162 493 211 534 Inde
222 494 291 534 ridere
301 494 355 544 licet,
368 496 433 546 qualis
444 496 485 535 iam
497 496 540 535 vita
552 499 654 544 sequatur:

96 541 124 585 80
136 545 204 596 Quam
216 546 296 597 quidem
307 551 330 587 nt
343 559 356 587 a
367 548 425 588 nobis
436 547 487 587 ratio
499 547 602 587 verissima
613 548 675 599 longe

136 598 230 646 Reiioiat,
242 612 364 650 quamquam
375 604 421 640 sunt
433 612 446 638 a
458 612 490 638 me
502 601 566 638 multa
577 600 672 649 profesta,

136 649 202 689 Multa
214 654 280 689 tamen
292 655 372 698 restant,
385 656 406 690 et
418 654 462 690 sunt
474 651 561 689 ornanda
573 650 641 698 politis

135 702 237 750 Versibus,
250 705 270 741 et
281 702 333 741 ratio
345 702 437 752 Supffllm
450 701 539 752 coelique
551 701 645 741 tenenda:

135 752 186 793 Sunt
198 756 323 803 tempestates
336 757 356 792 et
367 753 454 793 fulmina
468 755 524 793 clara
535 753 629 800 canenda,
662 799 665 803 s

95 800 123 844 85
135 804 191 853 Quid
201 805 281 853 faciant,
294 809 314 844 et
328 817 368 854 qna
380 806 405 843 de
417 818 477 845 eausa
488 817 587 855 quomque
599 804 701 854 terantur3

135 856 166 897 Ne
178 856 269 907 trepides,
282 857 333 897 coeli
345 856 413 897 divisis
425 857 514 908 partibus
527 869 601 905 amens,

83 954 87 959 ι
134 908 192 947 Unde
202 909 273 948 volans
284 909 338 961 ignis
350 910 467 959 pervenerit,
481 912 516 949 ant
528 908 550 947 in
562 912 629 947 utram
642 919 664 946 se

134 959 221 1013 Uorterit
232 961 280 1000 hino
292 964 382 1011 partem3
395 973 434 1011 qno
446 965 504 1013 pacto
516 973 551 1011 per
564 959 610 998 loca
621 961 690 1010 saepta

134 1012 246 1062 Insinuarit‚
260 1018 280 1053 et
291 1013 339 1052 hine
352 1014 463 1052 dominatus
476 1016 499 1052 ut
512 1011 603 1051 extulerit
614 1023 642 1051 se.

95 1059 122 1103 9⁰
134 1065 225 1114 Quomm
237 1077 319 1115 opernm
331 1078 401 1105 causas
413 1067 470 1105 nulla
480 1064 557 1104 ratione
569 1063 637 1104 videre

134 1117 226 1166 Possunt,
239 1128 264 1156 ae
274 1117 320 1156 fieri
332 1118 399 1156 divino
411 1117 492 1156 numine
502 1119 577 1155 rentur.

161 1168 195 1208 Tu
207 1168 264 1216 mihi,
276 1181 380 1218 supremae
391 1169 513 1220 praescripta
525 1168 551 1205 ad
563 1165 646 1206 eandida
657 1164 713 1205 callis

135 1219 232 1270 Currenti,
244 1221 330 1270 spatium
340 1225 482 1270 praemonstra,
494 1219 568 1258 callida
582 1218 648 1265 Musa,

133 1271 231 1322 Uanope,
242 1271 319 1322 requies
331 1271 442 1318 hominum,
455 1270 560 1321 divomque
571 1270 675 1319 voluptas;

94 1320 122 1364 95
134 1322 165 1363 'Pe
177 1324 227 1362 duce
238 1328 261 1363 ut
273 1323 346 1373 insigni
359 1323 437 1372 capiam
449 1335 495 1361 oum
507 1323 567 1361 laude
583 1332 682 1361 coronam.

158 1375 265 1420 Principio,
279 1374 354 1423 tonitru
366 1374 480 1422 quatiuntur
492 1374 573 1412 caerula
585 1373 642 1419 coeli,

132 1423 242 1471 Propterea
253 1422 302 1473 quia
315 1427 438 1472 concurrunt,
451 1423 537 1465 sublime
548 1424 642 1473 volantes,

132 1473 237 1514 Aetherias
248 1475 316 1524 nubes,
329 1480 398 1515 eontra
408 1475 538 1527 pngnantibn’
550 1474 620 1514 ventis.

132 1526 174 1566 Neo
185 1527 209 1566 fit
223 1526 276 1566 enim
288 1527 362 1567 sonitus
375 1528 426 1567 coeli
439 1530 463 1567 de
475 1531 532 1578 parte
544 1538 623 1573 serena3
673 1543 675 1548 r

80 1572 121 1616 1⁰0
132 1578 212 1626 Uerum,
225 1579 361 1629 nbiqnomque
374 1579 440 1631 magis
451 1580 511 1618 denso
523 1581 569 1619 sunt
580 1578 660 1630 agmine
671 1578 739 1628 nubes,
817 1621 819 1624 ,
835 1611 836 1614 ,

133 1630 186 1669 Tam
198 1631 264 1681 magis
275 1631 324 1669 hino
335 1643 410 1682 magno
422 1631 514 1669 fremitus
525 1631 549 1669 fit
560 1641 663 1669 murmure
675 1643 737 1681 saepe.

159 1682 271 1730 Praeterea,
283 1694 347 1732 neque
357 1686 400 1731 tam
412 1682 509 1721 condenso
523 1694 605 1731 corpore
617 1681 679 1722 nubes

133 1732 273 1784 assequens,
287 1736 348 1784 qnam
359 1734 490 1783 suntlapides
503 1744 526 1772 ao
538 1733 606 1784 tigna;
618 1737 757 1782 nequeuntem

133 1783 186 1824 Tam
199 1791 272 1834 tenues,
288 1792 348 1836 quam
360 1789 404 1825 sunt
416 1786 500 1824 nebulae
511 1785 612 1835 fumeique
626 1786 720 1825 volantes.

74 1831 121 1875 *105
132 1836 184 1877 Nam
196 1838 267 1876 eadere
282 1842 317 1878 aut
328 1839 387 1877 bruto
400 1837 493 1877 deberent
503 1838 589 1887 pondere
601 1849 685 1886 pressae,

132 1889 159 1928 Ut
171 1889 258 1941 lapides3
271 1893 313 1941 aut,
324 1894 347 1930 ut
359 1891 432 1938 tumus,
442 1892 534 1928 constare
547 1888 657 1938 nequirent,

131 1940 173 1982 Nee
186 1942 279 1982 cohibere
290 1942 354 1982 niveis
369 1942 446 1993 gelidas
458 1945 478 1980 et
491 1941 593 1992 grandinis
604 1939 691 1981 imbreIs.

158 1994 212 2035 Dant
224 1994 286 2034 etiam
297 1995 384 2034 sonitum
395 1994 458 2044 patuli
471 2005 530 2042 super
542 1999 628 2042 aequora
640 1993 716 2043 mnndi,

133 2045 230 2084 Carbasus
242 2051 265 2085 ut
278 2046 384 2096 quondam,
396 2045 486 2096 magneis
498 2044 574 2083 intenta
588 2044 689 2094 theatreis

80 2091 120 2134 110
131 2099 171 2137 Dat
182 2098 285 2148 crepitum,
296 2099 360 2137 malos
371 2098 422 2137 inter
433 2097 507 2135 iactata
517 2095 645 2150 smaeisqnerj

131 2150 232 2189 Interdum
244 2150 340 2199 perscissa
350 2149 400 2188 furit
411 2148 544 2198 petulantibus
557 2149 616 2194 auris,

132 2200 159 2240 Et
170 2201 260 2252 fragileis
272 2202 347 2242 sonitus
360 2203 474 2240 chartarum
489 2200 646 2249 commeditatum

132 2251 156 2292 Id
168 2265 245 2302 quoquo
256 2254 310 2293 enim
321 2266 384 2305 genus
396 2253 418 2291 in
429 2251 503 2291 tonitru
515 2264 631 2303 cognoscere
643 2252 714 2303 possis:

132 2303 172 2344 Ans
184 2305 220 2342 ubi
231 2318 345 2356 suspensam
356 2308 433 2345 vestem
446 2304 550 2343 ohartasve
561 2305 656 2345 volanteis

79 2351 120 2395 115
131 2354 250 2395 Verberibus
261 2357 327 2398 ventei
339 2361 424 2405 vorsant,
436 2357 568 2407 planguntque
579 2370 615 2407 per
627 2369 692 2407 auras,

157 2407 192 2447 Fit
205 2420 282 2457 quoqne
293 2409 347 2449 enim
358 2409 463 2455 interdum,
475 2421 514 2447 non
525 2412 566 2447 tam
579 2420 693 2452 concurrere
704 2408 765 2448 nubes

132 2459 238 2501 Frontibus
250 2462 337 2502 advorsis
349 2461 431 2513 possint,
443 2472 504 2512 quam
516 2461 541 2501 de
552 2462 613 2503 latere
624 2461 660 2510 ire,
