1690 2654
206 108 248 150 Ao
264 105 402 149 truncus
418 106 586 160 susurru.
712 104 761 151 403

91 221 135 262 186.
163 219 270 273 Quidque]
283 218 313 257 sic
322 217 385 259 Wak.
396 230 444 256 curn
452 217 511 256 libris
520 218 566 256 fere
577 217 686 266 omnihus3
700 216 760 256 Bodl.

40 274 124 323 Quidue,
136 273 187 310 Brit.
199 274 219 313 3.
233 278 328 325 Quaeque
332 287 339 317 ,·
353 270 416 321 vulgo
429 273 536 320 Quidnam,
549 283 573 308 ex
584 271 688 320 editorum
701 268 761 307 arbi-

38 324 88 365 trio.
102 346 128 354 -
140 325 196 373 sese]
210 324 276 376 Lugd.
288 328 304 364 1.
316 325 335 363 2.
349 322 410 361 Vind.
422 322 474 361 Brit.
483 324 501 361 1.
508 324 527 362 3.
541 326 598 362 Cant.
609 327 657 363 Ver.
669 324 721 361 Ven.
730 337 760 362 se.

91 377 135 418 187.
162 376 270 429 specimen]
280 376 345 427 Lugd.
352 376 396 414 tu.
407 375 467 412 Poor.
477 374 527 413 Brit.
535 376 579 414 12.
589 376 649 423 Cant.
657 381 677 412 et
687 386 760 412 omnes

39 427 98 467 editt.
109 435 159 469 vett.
170 431 259 482 speciem
270 428 312 474 (vel
322 426 423 481 spetiem).
450 427 528 464 Veram
537 426 651 465 lectionem
660 426 703 464 iam
712 426 759 465 Pius

38 480 136 520 restituit.

89 533 116 571 V.
129 532 248 571 188—192.
274 529 315 570 hec
328 530 363 570 vel
374 529 411 568 iiia
421 529 497 568 vocula
507 530 583 569 mutati
593 536 717 582 repetuntur
727 530 760 568 in·

37 580 187 623 stantun.
355 582 358 584 ’

92 637 136 675 190.
164 634 298 685 consuerunt]
315 634 380 674 Benti.
390 634 443 674 coni.
456 645 586 674 consuerant.
613 635 678 672 Recte
689 640 760 672 eutem

39 686 100 728 Wak.
115 687 211 737 opponit,
227 699 289 735 „non
302 687 371 724 solum
386 687 407 728 in
425 685 500 724 secutis
509 685 629 736 praeteritis
639 687 681 725 hoc
696 686 759 724 modo

39 752 73 778 res
86 738 240 777 administratas
252 750 306 785 esse,
320 738 357 775 sed
367 737 472 788 hodieque
483 738 514 775 ita
525 737 694 778 administrari.“
751 771 762 792 -s

90 789 134 830 194.
154 792 288 840 Deciderunt]
302 789 346 827 Ald.
354 791 373 829 1.
386 792 435 826 uon.
445 792 571 829 Deciderint.
585 813 612 819 -
625 790 695 841 taleis]
708 789 759 830 Brit.

38 843 58 883 2.
72 844 152 882 talibus.
166 864 193 871 -
206 841 296 891 meatus]
310 843 340 879 Pii
352 840 426 890 Codri,
440 840 489 878 Brit.
498 843 515 880 1.
527 840 580 879 Brix.
591 854 685 891 novatus,
699 842 760 880 vind.

40 896 101 935 Cant.
111 905 195 941 mestus,
211 894 264 932 Brit.
272 895 292 932 2.
304 895 352 934 Ver.
362 894 414 930 Ven.
425 904 525 940 moestus,
540 893 592 930 Brit.
604 895 623 933 3.
636 898 658 932 in
670 905 732 934 estus.

91 946 135 986 195.
160 947 239 999 geritur
253 945 314 984 Wak.
331 944 438 983 revocavit
455 956 480 982 ex
497 944 594 982 omnihus
611 944 682 993 lihris3
695 946 759 997 vulgo

38 1001 131 1050 genitur,
148 1010 159 1035 e
171 997 244 1037 Lemb.
257 998 379 1035 coniectura
390 997 432 1034 iam
443 997 524 1047 saepius
534 996 654 1045 reprobata.

91 1051 136 1089 196.
164 1052 184 1087 si
200 1050 256 1098 iam]
270 1050 330 1088 Poor.
348 1049 408 1086 Cant.
424 1052 465 1086 ium
479 1063 543 1097 nunc,
558 1048 607 1088 Brit.
619 1051 638 1088 1.
654 1051 697 1088 iam
715 1063 759 1101 ego,

37 1101 104 1152 Lugd.
113 1103 134 1140 2.
149 1100 207 1139 Bodl.
218 1101 267 1138 Brit.
280 1103 297 1139 1.
308 1102 328 1140 2.
339 1102 359 1140 3.
371 1099 430 1150 Brit.
442 1101 489 1136 Ver.
499 1101 551 1139 Ven.
563 1103 604 1139 ium
619 1101 708 1149 (omisso
720 1103 759 1147 si).

39 1156 137 1191 Ceterum
152 1165 184 1192 vv.
198 1154 319 1193 196-200.
336 1150 490 1203 aliquantulum
504 1157 596 1189 mutatos
611 1151 655 1190 iam
669 1152 760 1204 legimus

37 1206 57 1242 11
76 1205 114 1244 177
127 1216 153 1244 ss.
727 1234 728 1237 ,

57 1233 63 1255 ’
90 1256 136 1294 201.
164 1254 274 1306 quantum]
288 1254 340 1292 Brix.
352 1253 401 1293 Ver.
412 1253 465 1293 Ven.
476 1253 521 1292 Aid.
531 1256 550 1293 1.
564 1255 614 1293 Bon.
632 1270 694 1307 quum
709 1266 759 1294 tum.

38 1327 64 1335 —
77 1306 143 1358 tegit]
159 1307 209 1345 Brit.
217 1308 236 1346 2.
247 1310 313 1359 gerit,
327 1312 348 1344 et
355 1319 394 1355 pro
404 1305 463 1343 varia
471 1305 563 1343 lectione
573 1310 634 1358 regit.

91 1361 136 1398 202.
164 1361 260 1405 uiridem]
275 1358 354 1409 „quasi
362 1357 453 1405 sciiicet,
466 1368 503 1394 sue
513 1356 609 1406 portione
621 1369 697 1407 perum
708 1370 759 1396 con-

39 1411 103 1458 tenti,
118 1410 188 1448 omnia
204 1423 279 1461 rapere
293 1410 372 1447 velient
384 1415 404 1446 et
417 1408 512 1446 haurire:
524 1409 538 1445 i.
552 1420 570 1445 e.
584 1429 610 1437 —
623 1429 649 1439 -
662 1425 759 1460 magnoni

38 1464 148 1511 partem.“
163 1465 195 1501 W
198 1478 211 1502 u
217 1465 237 1501 k.
264 1461 356 1510 conf.11‚
369 1462 426 1501 1066.
441 1462 468 1510 V,
480 1458 524 1501 471.
536 1466 557 1498 et
566 1472 619 1511 quae
630 1460 657 1498 ad
668 1465 688 1509 I,
699 1462 757 1500 1030.

39 1514 192 1553 annotavimus.
459 1542 461 1545 .

91 1563 137 1604 sot.
164 1565 258 1614 distinet]
273 1567 320 1604 Ver.
331 1567 380 1603 Ven.
391 1563 461 1603 Aldu.
472 1566 521 1601 Bon.
536 1562 605 1611 (haud
615 1561 678 1600 dubie
694 1561 759 1601 etiam

39 1614 104 1665 Brix.‚
118 1629 169 1654 nam
187 1617 274 1655 Gerard.
290 1629 375 1654 ornnem
388 1616 444 1659 hene
454 1615 576 1653 varietatem
588 1613 704 1666 neglexit,)
721 1617 759 1652 de-

39 1670 116 1714 stinat,
131 1668 180 1707 Brit.
190 1670 209 1708 2.
220 1671 314 1708 destinet.
335 1667 403 1705 Bentl.
416 1680 463 1705 cum
474 1667 505 1704 his
518 1666 586 1704 verbis
597 1671 706 1715 comparat
716 1667 759 1703 Ho-

39 1719 90 1756 ratii
103 1721 151 1768 (Od.
163 1722 177 1768 1,
189 1722 208 1767 3,
219 1722 265 1767 22.)
280 1735 376 1759 oceanum
386 1720 544 1766 dissociabilem,
558 1717 618 1757 Wak.
627 1730 678 1757 vero
687 1717 760 1755 laudat

21 1801 22 1805 ,
39 1770 148 1810 Heinsium
160 1771 186 1810 ad
198 1772 256 1811 ovid.
267 1772 351 1810 Heroid.
362 1772 420 1821 VIII,
433 1772 480 1819 69..
493 1770 560 1809 nostri
574 1770 618 1809 ioci
630 1782 674 1808 non
685 1769 760 1808 imme-

40 1833 129 1862 morem.
473 1848 480 1861 .

91 1876 116 1911 V.
128 1877 173 1915 206.
201 1874 262 1912 simul
279 1886 328 1913 cum
340 1873 387 1911 elio
397 1873 490 1912 Lucretii
499 1873 548 1912 loco
560 1875 596 1921 VI,
609 1874 653 1913 156.
678 1872 759 1911 Nonius

40 1924 104 1962 affert
114 1925 178 1973 VIII,
187 1929 219 1966 26.
234 1933 307 1974 utpote
323 1925 417 1976 exempla
427 1925 484 1964 vocis
494 1928 562 1978 gelum
577 1924 623 1975 (vel
633 1926 717 1977 gelus?)
732 1923 760 1962 ad

40 1975 154 2016 secundam
163 1977 326 2023 declinationem
336 1978 452 2024 formatae,
466 1977 540 2028 quade
549 1989 572 2015 re
584 1977 640 2014 cont.
650 1975 707 2014 idem
716 1979 760 2015 No-

40 2026 87 2064 niUS
97 2030 131 2075 ΠΙ,
144 2027 187 2069 104.
201 2030 298 2069 Priscian.
307 2031 330 2078 V,
339 2031 357 2068 8.
370 2030 386 2078 ᾖ.
394 2027 425 2081 13.
440 2030 479 2078 (p)¹
487 2029 546 2078 658.)
559 2031 624 2066 &terro
633 2030 656 2065 11,
666 2031 689 2067 R.
701 2030 716 2071 Ι,
726 2028 759 2067 45.

40 2078 149 2118 Lucretius
161 2081 226 2118 etiam
235 2084 267 2127 VI,
274 2082 318 2121 530.
327 2087 347 2118 et
352 2082 396 2120 873.
408 2087 430 2117 et
439 2079 536 2121 Schneid.
550 2083 584 2119 Gr.
592 2082 664 2118 Latii.
673 2078 758 2129 p.343s.

92 2132 137 2170 208.
165 2135 260 2173 Sentibus
274 2132 372 2181 obducat]
387 2135 447 2172 Poor.
456 2131 510 2169 Brit.
522 2133 541 2172 3.
555 2132 652 2170 Gentibus
664 2133 758 2179 obducat,

41 2178 93 2238 Brit.
103 2184 122 2221 1.
134 2186 232 2224 Gentibus
241 2186 340 2233 abducet,
355 2196 418 2234 quam
430 2182 535 2234 quomodo
545 2181 605 2220 Wak.
620 2182 718 2232 „variam
729 2183 759 2220 le·

41 2237 134 2272 cuonem
148 2235 210 2288 longe
221 2236 326 2287 longeque
339 2235 522 2273 venustissimam“
536 2233 607 2271 dicere
623 2235 702 2284 possit,
716 2246 759 2271 non

41 2281 116 2341 videm
131 2286 166 2335 qui
177 2293 248 2326 tamen
259 2286 322 2325 recte
330 2293 407 2333 censet,
418 2287 501 2324 obstare
510 2285 566 2337 Virg.
577 2287 629 2324 Geo.
641 2290 664 2332 11,
675 2284 719 2325 411.
733 2306 759 2313 -

41 2335 79 2378 m]
93 2336 138 2374 Ver.
149 2340 198 2378 Ven.
209 2342 248 2387 iri,
262 2339 315 2376 Brit.
324 2339 343 2378 3.
355 2342 388 2387 vi,
402 2338 478 2377 Erite.
488 2340 541 2382 nisi;
553 2366 566 2386 ,‚
574 2336 631 2389 quod
642 2337 759 2388 placuisset,

41 2381 118 2472 ἓξὲξ
126 2387 202 2478 1Ἐέῆᾶ
219 2391 237 2429 si
254 2392 379 2428 Mantuanus
394 2389 452 2428 idem
465 2389 501 2427 ille
516 2402 559 2427 non
575 2390 653 2427 iterum
666 2389 759 2426 obstaret

92 2462 96 2472 .
117 2464 122 2481 ‚
175 2468 180 2478 ,

23 2537 25 2540 ι
93 2487 140 2527 210.
158 2491 219 2533 Watz.
229 2501 339 2546 comparat
345 2493 402 2546 Virg.
413 2493 464 2536 Geo.
471 2491 524 2541 1,45.
539 2490 608 2530 Avien.
618 2490 640 2529 in
650 2491 705 2528 Arat.
712 2489 758 2530 616-
