1690 2654
86 83 135 130 494
304 82 583 126 ANNOTATIONES

135 193 182 232 393.
210 195 237 231 Ia
251 193 319 242 terra]
332 193 399 231 Bentl.
416 194 470 232 coni.
483 197 577 241 Interea,
596 193 653 245 quod
667 192 728 232 Wak.
739 192 802 231 etiam

86 243 108 280 in
120 245 178 282 Poor.
187 242 274 282 invenit.
300 244 423 296 „Ingeniosa
434 251 506 283 tamen
518 252 549 282 est
558 247 625 297 magis
633 246 686 283 haec
694 244 734 282 viri
743 257 802 296 saga·

86 295 116 333 cis
125 294 231 343 divinatio,
246 309 310 346 quam
321 309 381 343 vera;
396 309 460 347 quum
470 297 584 335 frustretur
594 310 679 348 prorsus
689 296 803 347 oppositio-

85 359 136 384 nem
144 346 218 393 istam,
232 360 295 397 quam
307 347 416 386 Lucretius
425 348 549 395 instituerit,
564 350 619 387 iuter
630 354 698 388 lavem
710 361 735 385 ac
745 350 804 387 diuos

86 400 145 448 alias⁷
157 412 176 437 v.
189 399 228 438 387
239 427 245 445 ‚
258 400 376 447 interillos,
391 400 427 450 qui
439 406 516 451 parant
526 400 672 452 fabricamque
682 399 749 437 telum
760 400 803 437 Pa-

85 449 135 497 tris,
154 463 173 488 v.
185 451 225 490 396
237 473 262 480 —
272 453 329 498 399.·‚
344 457 365 489 et
374 454 440 503 ipsum
451 454 544 497 Patrem.
555 466 574 491 s.
585 453 631 493 399.
658 456 684 491 In
694 463 750 491 terra
761 451 803 488 uti-

85 514 134 553 que,
147 501 184 539 ubi
195 502 278 541 fulmen
287 503 375 541 obtundi
387 503 496 555 emittique
506 504 570 551 solet,
585 506 684 542 obrutum
697 516 722 541 ae
734 502 803 552 sepul·

84 560 143 602 tum,
161 553 239 591 nullius
249 555 308 604 scopi
323 556 432 605 compos.“
453 559 484 595 W
487 559 525 594 ab.
553 556 579 593 Iu
591 556 687 608 Lugdss.
701 554 803 593 veraele·

86 606 152 643 ctioni
161 607 301 656 superscripta
313 613 344 643 est
355 605 477 644 coniectura
487 607 596 658 ingeniosa
607 607 702 657 quidem,
721 605 758 642 sed
767 618 803 644 su-

85 657 169 705 perflua
183 663 265 706 tamen,
279 661 306 695 Ia
316 667 373 696 terra
387 667 449 708 atque
460 663 533 710 petris·
547 679 573 686 -
587 660 660 708 telum]
681 658 742 696 Poor.
753 657 803 697 Ver.

85 708 229 746 Vemcoelum.

136 761 181 799 402.
210 762 266 812 ipsus
286 762 308 798 in
322 757 413 808 aestum]
432 758 462 797 sic
472 758 532 797 Wak.
545 758 637 797 restituit
652 758 741 810 eLugd.
753 758 770 797 1.
781 759 802 798 2.

85 814 144 851 Cant.
155 817 176 848 et
182 813 240 856 Bon„
253 812 377 862 quibuscum
388 811 522 848 consentiunt
527 810 572 850 Ald.
579 813 596 850 1.
604 814 653 848 Bon.
661 813 728 857 lunt.;
742 810 802 848 Vind.

84 862 136 900 Brit.
146 863 166 901 3.
177 861 222 899 Ald.
234 863 254 901 2.
269 867 313 916 ipse
324 866 346 901 in
355 874 444 910 aestum,
458 862 513 900 Brix.
527 866 609 915 ipseque
618 866 640 901 in
651 873 739 910 aestum,
753 862 802 900 Ver.

84 915 137 951 Ven.
148 918 191 966 ipse
202 918 224 952 iu
235 916 338 961 taeniam,
358 915 419 951 Poor.
432 913 481 954 Brit.
494 914 512 953 1,
527 917 570 967 ipse
580 915 600 952 et
612 918 634 953 in
644 924 721 952 aestum
727 929 734 956 ,·
752 924 802 963 quas

84 968 210 1004 mutationes
222 978 294 1004 omnes
305 966 376 1003 forma
386 966 506 1003 inusitatior
516 968 572 1017 ipsus
583 965 621 1012 (de
633 978 680 1016 qua,
695 962 750 1014 apud
762 965 803 1002 Ca-

84 1017 150 1054 micus
161 1017 218 1054 haud
228 1029 283 1064 rara,
297 1017 352 1055 conf.
365 1017 465 1055 Priscian.
475 1019 530 1063 XIII,
542 1017 561 1055 3.
573 1016 591 1062 b.
603 1019 634 1056 11.
646 1018 740 1065 (p.958.)
755 1016 803 1053 Dio-

84 1068 141 1106 med.
152 1070 170 1105 Ι.
184 1081 205 1117 p.
216 1069 262 1108 318.
278 1068 367 1108 Rbemn.
378 1067 491 1106 Palaemon
503 1068 588 1118 p.1377.
599 1081 614 1105 ε.
628 1069 651 1106 P.
662 1070 715 1114 etc.)
728 1078 804 1116 provo-

86 1132 143 1159 casse
154 1119 243 1159 videtur.
269 1120 336 1170 Vulgo
347 1124 390 1172 ipse
397 1118 419 1158 at
427 1131 519 1168 eastum,
534 1131 545 1156 e
556 1119 652 1158 Lambini
664 1117 802 1157 correctione.

137 1172 162 1209 V.
173 1169 219 1210 405.
246 1171 365 1208 Macrobius
378 1170 460 1221 profert
475 1174 517 1208 Sat.
534 1172 572 1220 Vl,
588 1173 607 1211 1.
627 1173 660 1221 (p.
673 1171 718 1210 159.
734 1169 803 1221 Rip),

85 1234 134 1262 cum
145 1222 202 1273 Virg.
213 1224 262 1261 Aen.
273 1223 313 1270 VI,
325 1219 373 1260 724.-
384 1228 535 1271 comparatum.
664 1220 671 1224 “

137 1273 183 1314 406.
210 1273 333 1323 Praeterea]
354 1272 420 1323 Lugd.
432 1276 450 1313 1.
462 1275 481 1313 2.
496 1275 556 1312 Poor.
571 1271 620 1314 Brit.
632 1274 651 1313 3.
668 1273 729 1312 Cant.
746 1272 802 1311 Brir.

84 1331 204 1378 Propterea.
217 1345 243 1354 -
256 1329 275 1364 si
283 1326 340 1374 avale]
355 1325 416 1363 Vind.
428 1329 447 1364 si
456 1328 519 1371 enuit,
533 1323 585 1362 trix.
597 1329 616 1364 si
626 1328 677 1370 nuit,
692 1326 741 1363 Ver.
751 1326 803 1362 Ven.

85 1381 157 1428 sinuit,
171 1376 238 1428 Lugd.
250 1378 268 1416 1.
279 1378 299 1416 2.
316 1379 374 1425 invit,
389 1377 449 1415 Poor.
460 1377 509 1416 Brit.
520 1378 539 1415 1.
551 1391 639 1425 saevum,
653 1376 703 1415 Brit.
713 1378 732 1415 3.
744 1380 803 1424 sevit,

86 1431 144 1468 Cant.
159 1432 202 1468 sevi
220 1438 253 1475 ut,
273 1440 326 1479 quae
342 1440 414 1465 omnes
430 1435 478 1466 sunt
495 1433 579 1478 apertae
596 1428 740 1479 corruptiones
759 1427 805 1465 vul-

100 1488 153 1519 atae.
719 1497 722 1500 ·

85 1495 99 1532 g
135 1531 181 1572 412.
209 1530 306 1580 Mittere]
325 1529 411 1582 quidam
419 1530 450 1569 Pii
460 1529 527 1569 Godd.
538 1533 626 1570 Minier.
641 1551 666 1560 —
678 1531 730 1579 liae]
749 1529 803 1569 trix.

84 1585 132 1624 Ver.
143 1585 261 1629 Vemhaec,
280 1582 329 1620 Brit.
340 1584 359 1621 3.
371 1585 417 1630 liae,
436 1582 493 1632 quod
504 1581 635 1620 Wakefieldo
646 1595 689 1619 non
702 1581 803 1632 displicet.

136 1633 183 1674 414.
209 1633 251 1682 At]
266 1636 315 1672 Ver.
324 1635 376 1683 ἵζευ.
386 1637 426 1679 Et,
439 1635 500 1671 Poor.
510 1638 548 1673 Ae.

138 1685 184 1726 416.
207 1686 269 1736 fieri]
284 1684 345 1723 Walr.
357 1684 411 1722 coni.
419 1685 482 1734 ferri,
495 1690 519 1723 ut
529 1683 604 1722 melius
614 1683 653 1723 sibi
664 1683 804 1734 respondeant

86 1740 163 1778 cadant
173 1739 245 1776 imbres
255 1743 275 1773 et
282 1736 381 1787 feruntur
389 1735 493 1785 salmina5
514 1749 556 1786 qua
565 1737 688 1774 coniectura
698 1749 741 1773 non
752 1749 804 1786 opus

86 1802 141 1837 esse,
163 1789 250 1840 quisque
259 1787 325 1835 videt,
338 1786 482 1839 inprimisqui
496 1794 605 1838 comparat
617 1789 641 1835 V,
654 1784 698 1828 674.
707 1800 723 1825 s.
737 1793 757 1824 et
772 1789 803 1833 VI,

84 1842 130 1882 375.
142 1853 157 1878 s.

137 1892 183 1933 419.
205 1892 292 1945 frangit
302 1889 423 1940 simulacra]
438 1891 503 1938 „Non
513 1889 596 1938 dubito,
611 1891 661 1942 quin
676 1904 725 1928 cum
734 1890 803 1930 electu

85 1945 198 1984 verborum
208 1943 378 1994 prudentissime,
393 1947 414 1979 et
426 1942 470 1979 sine
480 1955 533 1980 nana
545 1943 647 1981 sermonis
658 1943 804 1993 superfluitate

86 2002 157 2035 noster
168 1996 195 2033 sit
204 1994 299 2033 locutus:
320 1993 461 2032 intellexerim
472 1992 538 2045 igitur
553 2006 591 2044 per
606 1996 716 2034 siinulaara
726 2000 803 2034 statuas

86 2063 221 2094 marmoreas,
241 2059 292 2097 quas
308 2052 367 2083 recte
379 2048 453 2098 frangi
465 2046 527 2093 dicit3
547 2058 585 2096 per
601 2048 686 2086 delubra
695 2052 765 2084 autem
778 2049 804 2087 Ii·

102 2115 161 2148 neas,
181 2104 239 2137 recte
255 2110 326 2136 rursus
338 2100 441 2136 discussas
457 2096 597 2148 diffissasque:
619 2104 640 2134 et
650 2110 688 2147 per
705 2101 804 2151 imagines

86 2116 177 2202 denique
184 2153 290 2205 picturas,-
305 2161 394 2200 quarum
404 2150 489 2188 tonores
499 2149 570 2186 statim
580 2148 749 2194 deflorescerent,
762 2150 804 2188 ful-

87 2203 178 2241 minibus
189 2201 279 2240 afflafif‘
294 2205 325 2241 W
327 2217 340 2240 a
345 2203 365 2240 a.
391 2199 432 2238 Sed
441 2200 487 2251 quis
498 2213 592 2251 unquam
603 2203 687 2242 delubra
696 2201 722 2239 de
731 2201 803 2240 statuis
821 2209 825 2219 ”

88 2255 177 2293 deorum
192 2253 309 2291 intellexit?
336 2253 439 2301 Delubra,
460 2258 484 2290 ut
499 2252 542 2289 iam
557 2252 664 2303 sequentia
677 2253 741 2291 verba
756 2268 804 2302 suas

88 2309 146 2346 sedes
158 2306 206 2343 luce
221 2305 296 2342 clarius
309 2305 462 2350 demonstrant,
481 2303 516 2341 hic
526 2304 589 2341 etiam
602 2311 650 2342 sunt
667 2307 742 2357 templa
754 2305 803 2343 deo-

87 2371 147 2403 rum3
166 2356 286 2407 pariterque
298 2356 353 2394 inter
368 2358 468 2407 imagines
480 2361 501 2393 et
516 2357 626 2395 simulacra
642 2369 684 2394 non
697 2362 748 2406 puto
763 2357 803 2394 dis-

88 2410 172 2449 crimen
186 2409 316 2446 intercedere
326 2420 339 2446 a
350 2406 411 2446 Wek.
421 2413 533 2456 statutum,
550 2407 594 2444 imo
607 2413 631 2445 ut
642 2410 700 2447 sedes
709 2409 803 2458 delubris,

88 2462 117 2500 sic
130 2461 194 2500 etiam
203 2463 304 2513 imagines
312 2461 429 2499 simulacris
438 2459 496 2511 quasi
510 2460 694 2511 interpretamenti
706 2460 754 2498 loco
768 2461 803 2499 ad-
