1690 2654
21 54 26 63 ‘
57 62 106 111 148
198 38 200 43 ’
230 64 420 111 brunnon
435 65 582 123 osunen

109 177 176 226 Usque
188 174 245 224 adeo,
257 177 309 214 tetra
321 175 435 216 nimborum
447 179 505 217 nocte
515 178 593 226 coorta,

108 227 223 277 Impendent
235 230 291 267 utrae
302 228 424 269 Formidinis
436 241 473 269 ora
485 243 575 281 superne,

57 276 97 321 255
109 281 176 331 Quom
190 280 302 325 commoliri
313 283 419 333 tempestas
430 282 516 322 fulmim
529 279 612 332 coeptat.

135 332 248 380 Praeterea,
260 346 357 384 persaepe
367 334 425 385 niger
437 347 515 385 quoque
527 347 563 385 per
575 346 632 375 mare
643 333 729 384 nimbus,

109 385 137 423 Ut
148 384 199 436 picis
211 398 224 424 e
236 386 293 425 coele
306 386 413 427 demissum
424 387 505 436 flumen,
520 386 542 426 iu
554 387 617 427 undas

109 436 145 475 Sic
158 437 251 485 radicet
263 439 326 478 ferun
339 439 425 479 tenebris
436 440 513 490 procul,
529 442 549 479 et
561 439 623 479 trahit
634 442 701 480 atram

110 489 238 538 Fulminibus
250 491 355 542 grandem
368 495 504 542 tempestatem
516 496 577 542 atque
588 492 686 543 procellis,
748 507 751 510 ’

57 538 98 582 'too
110 541 193 593 Ignibus
206 554 230 582 ac
241 543 306 583 ventis
318 543 432 595 cumprimis
444 544 488 596 ipse
499 544 593 595 repletus,
738 551 740 555 “

110 595 134 634 In
147 597 201 633 terra
213 595 291 646 quoque
303 599 326 636 ut
338 598 457 645 horrescant,
473 609 498 637 ac
510 600 561 636 tecta
573 596 682 646 requirant.

111 646 146 685 Sic
157 642 221 698 igitur
233 660 305 698 supera
317 652 406 689 nostrum
420 651 478 699 eaput
491 661 534 687 esse
545 645 697 697 putandum'est

111 699 259 749 Tempestatem
271 700 344 739 altam:
357 700 486 750 nequeenim
498 698 586 750 caligine
597 702 653 741 tauta

113 750 224 790 Obruerent
236 754 305 797 terras,
317 751 357 790 nisi
369 751 495 791 inaedificata
507 764 592 802 superne
640 751 643 755 '

59 800 102 842 265
114 803 179 842 Multa
191 803 256 842 forent
267 803 335 843 multis
348 806 425 843 exemto
437 802 506 843 nubila
518 804 573 852 sole;

110 855 153 896 Nee
166 858 219 894 tanto
232 859 310 906 possent
321 856 420 895 venientes
433 856 546 907 opprimere
557 855 638 905 imbres,

2 913 4 915 ’
73 911 76 916 “
111 907 206 947 Flumina
218 908 319 947 abundare
334 912 357 947 ut
368 909 457 948 facerent
469 921 589 959 camposque
598 912 674 958 natare,

112 960 137 1001 si
149 972 189 998 non
201 960 303 1012 exstruetis
315 960 420 1000 foret'alte
431 960 517 1002 nubibus
532 961 611 1000 aether.-

137 1012 181 1051 Hie.
188 1011 252 1063 igitur
264 1012 328 1052 ventis
341 1017 401 1063 atque
411 1013 492 1065 ignibus
505 1012 572 1052 omnia
583 1013 642 1063 plena

61 1062 102 1104 2Ἱο
114 1063 176 1103 Sunt:
189 1065 234 1103 ideo
247 1065 322 1115 passim
334 1065 425 1104 fremitus
439 1069 458 1104 et
469 1065 554 1116 fulgura
565 1065 622 1104 fiunt¹

113 1116 193 1166 Quippe
205 1118 277 1155 etenim
289 1129 349 1167 supra
361 1118 426 1164 docui,
439 1118 538 1167 permulta
548 1116 630 1167 vaporis

113 1168 194 1207 Semina
205 1169 280 1208 habere
293 1181 352 1208 cauas
363 1168 445 1215 unbeis;
461 1173 481 1207 et
493 1170 556 1208 multa
567 1179 647 1209 necesse
659 1169 690 1209 esi

113 1220 220 1271 Concipere
233 1234 257 1259 ex
271 1221 318 1260 solis
329 1220 391 1259 radiis
403 1222 512 1270 ardoreque
522 1232 603 1267 eorum,

112 1272 158 1318 Hie,
172 1273 207 1310 ubi
219 1278 296 1319 ventus,
309 1285 343 1311 eos
355 1272 408 1311 idern
422 1272 456 1322 qui
469 1271 523 1323 cogit
534 1271 633 1311 incusum

56 1322 102 1373 ,275
114 1325 174 1363 Forte
184 1325 251 1363 locum
265 1324 360 1374 quemvis,
374 1324 469 1375 expressit
480 1325 545 1363 multo
556 1324 636 1374 vaporis
694 1358 696 1360 .

116 1375 203 1424 Semina,
216 1390 275 1426 seque
287 1376 348 1415 simul
362 1390 406 1415 cum
419 1389 443 1415 eo
456 1375 582 1416 commiscuit
593 1373 648 1427 igni3

112 1429 225 1468 insinuatus
237 1429 267 1469 ibi
278 1432 347 1468 vortex
359 1432 452 1467 versatur
464 1429 485 1466 in
498 1429 545 1475 alto,
616 1455 617 1458 ,
633 1433 636 1439 '

112 1481 140 1520 Et
152 1481 221 1520 calidis
233 1481 287 1520 nouit
299 1482 375 1528 fulmen
387 1480 499 1520 fornacibus
511 1480 570 1519 intus.

45 1551 49 1558 ⁴
112 1533 164 1572 Nam
178 1533 252 1584 duplici
263 1533 339 1572 ratione
350 1533 475 1580 accenditur3
488 1533 530 1582 ipse
543 1532 638 1571 sua'cnm

61 1582 101 1624 28⁰
112 1585 226 1624 Mobilitate
238 1585 324 1633 eoleseit,
337 1589 357 1623 et
369 1598 380 1623 e
393 1584 508 1635 contagibus
519 1583 580 1635 ignis.
605 1619 607 1622 .

113 1638 162 1676 Inde
174 1638 209 1676 ubi
221 1637 318 1686 percaluit
330 1637 360 1675 vis
372 1637 435 1682 venti,
447 1637 480 1674 vel
491 1636 559 1686 gravis
571 1635 625 1686 iguis
719 1678 721 1683 ¹

114 1688 304 1738 Impetusinoessit3
317 1692 418 1727 maturum
430 1690 472 1726 tum
485 1688 541 1737 quasi
553 1687 630 1726 fulmen
661 1726 663 1730 ,
738 1690 741 1696 “

115 1739 226 1780 Perscindit
237 1740 303 1788 subito
314 1741 394 1788 nubem,
404 1741 513 1790 ferturque,
526 1738 613 1777 coruscis

117 1792 190 1832 Omnia
200 1792 309 1831 luminibus
319 1793 405 1831 lustrans
415 1792 470 1841 loca,
480 1790 567 1841 percitus
579 1790 651 1836 ardor}

54 1841 104 1895 ,³285
117 1845 181 1893 Quem
193 1844 382 1896 gravisiusequitur
394 1844 475 1892 sonitus,
489 1843 574 1892 displosa
586 1844 666 1892 repente

116 1896 234 1947 Opprimere
245 1900 268 1936 ut
280 1897 332 1936 coeli
343 1897 448 1936 videantur
459 1896 537 1945 templa
548 1906 642 1943 superne,

73 1993 77 1998 ,
94 1951 96 1954 ’
115 1949 163 1988 lnde
174 1953 249 1988 tremor
261 1952 325 1988 terras
338 1948 427 2001 graviter
440 1950 544 1999 pertentat,
557 1950 576 1984 et
588 1946 652 1984 altum

115 2001 220 2041 Murmura
231 2007 348 2052 percurrunt
359 2001 447 2046 coeluum
464 2004 511 2038 nam
523 2001 565 2041 tota
577 1998 673 2036 feretum

115 2052 234 2104 Tempestas
245 2066 340 2092 concussa
351 2052 423 2101 tremit,
435 2051 566 2099 fremitusque
579 2053 693 2097 moventur:

58 2102 104 2154 „290
117 2105 162 2153 Quo
175 2105 200 2144 de
212 2112 306 2150 concussu
317 2105 407 2155 sequitur
418 2103 487 2155 gravis
498 2102 563 2141 imber
574 2106 594 2141 et
605 2102 661 2150 uber,

116 2156 186 2196 Omnis
199 2157 232 2196 uti
242 2157 333 2196 videatur
344 2157 366 2196 in
377 2156 464 2196 imbrem
474 2154 549 2208 vertier
557 2155 636 2204 aether,
669 2173 671 2176 ⁴

116 2208 181 2258 Atque
191 2208 221 2248 ita
232 2209 363 2260 praecipitans
375 2209 402 2248 ad
415 2207 509 2247 diluviem
520 2218 624 2248 revocares
675 2227 678 2230 -

117 2260 194 2298 Tantus
207 2260 288 2300 discidio
300 2262 358 2301 nubis
369 2260 462 2311 ventique
473 2259 562 2310 procella

116 2311 205 2351 Mittitur
217 2313 293 2352 ardenti
304 2314 380 2352 sonitus
394 2325 456 2362 quom
468 2311 560 2361 provolat
569 2310 618 2351 ictu.
648 2334 650 2337 f

65 2362 105 2407 295
143 2364 179 2402 Est
190 2362 257 2412 etiam,
271 2378 331 2414 quom
340 2366 370 2404 vis
383 2364 503 2411 extrinsecus
514 2363 574 2402 incita
585 2361 641 2403 venti

115 2415 188 2463 Incidit
198 2416 220 2455 iu
232 2416 319 2456 validam
330 2421 410 2457 maturo
423 2425 436 2455 o
448 2415 534 2454 culmine
545 2416 629 2464 nubem3

116 2469 183 2520 Quam
196 2481 257 2520 quom
268 2468 368 2521 perscidit,
381 2469 478 2520 extemplo
491 2468 544 2509 eadit
556 2468 626 2521 igneus
638 2466 673 2508 ille
