1690 2654
121 94 194 146 90Ι
316 76 655 146 araneum-<NATURA

200 204 224 243 ln
235 203 307 254 pelago
319 202 441 251 nauteis‚›ex
453 203 510 242 undis
523 206 584 252 ortus,
601 203 623 243 in
634 203 693 245 undis
707 208 710 213 '
751 236 752 239 η

151 296 153 300 ,
175 256 212 296 Sol
224 257 247 294 fit
259 257 290 293 uti
302 254 394 294 videatur
406 255 462 294 obire
475 259 495 295 et
507 257 591 304 condere
603 257 682 304 lumen;
741 284 745 289 .

124 307 163 349 435
176 307 254 358 Quippe
266 307 302 346 ubi
317 306 420 356 nil'aliud,
433 307 560 358 nisiaquam
573 309 792 358 coelumquejtueutur=

173 361 204 401 Ne
215 359 286 398 leviter
299 359 367 398 eredas
378 360 497 399 labefactari
509 361 595 410 undique
608 363 681 399 sensus.

201 412 226 451 nt
238 412 299 450 maris
311 411 399 463 ignareis
411 412 503 462 inportu
516 413 693 452 claudavid'entur
734 442 737 446 -
794 427 797 432 ’

175 464 263 516 Navigia
275 464 376 515 aplustris,
389 464 462 504 fractas
475 464 560 504 obnitier
571 466 646 504 undas:

175 517 228 555 Nam
240 528 391 568 quaequomque
402 518 462 566 supra
473 521 539 556 rorem
552 517 599 556 salis
612 517 664 555 edita
677 529 723 566 pars
738 520 767 556 est

124 565 164 608 440
176 570 295 615 Remorum,
307 573 362 607 reeta
375 571 410 616 est,
423 572 443 607 et
454 570 511 608 reeta·
523 582 606 621 superne
618 569 717 620 guberna:

177 622 234 669 Quae
247 621 338 658 demersa
349 620 427 670 liquore
438 622 518 668 obeunt,
529 622 616 660 refracta
629 621 720 660 videntur
742 624 744 627 ’

177 673 251 711 Omnia
263 672 358 720 converti,
370 670 487 721 'sm‘sumque
499 673 568 722 supina
579 672 660 719 revorti,

175 719 204 764 Er
215 724 362 773 reflexa-prope
373 724 394 762 in
406 737 484 770 summo
496 724 575 762 fluitare
585 724 671 773 liquore

152 812 154 815 .
202 777 297 824 Raraque
310 788 345 824 per
358 776 436 825 eoelum
448 779 491 829 tum
503 775 570 813 ventei
581 775 651 814 nubila
663 777 742 825 portant

124 823 164 868 445
176 829 275 877 Tempore
287 829 389 874 nocturno,
402 840 462 877 quom
474 828 577 877 splendida
591 827 649 879 sigua
661 827 753 866 videntur

175 881 249 920 Lubier
261 878 367 919 advorsum
379 878 464 927 nimbos
478 883 536 928 atque
548 879 578 918 ire
591 880 673 928 superne
705 900 707 903 ·
767 895 770 901 ·
804 926 806 929 .

175 933 244 983 Longe
255 931 318 969 aliam
328 930 350 969 in
361 935 447 980 partem,
460 936 521 981 quam
533 944 575 980 quo
583 932 659 970 ratione
671 932 767 971 feruntur.

202 984 234 1031 Ar,
247 982 264 1022 si
276 984 328 1022 forte
341 983 399 1027 oculo
411 984 481 1021 munus
494 982 528 1021 uni
542 983 628 1030 subdita,
641 984 709 1021 subter

175 1035 251 1075 Pressit
263 1047 316 1086 eum,
330 1035 415 1084 quodam
427 1048 485 1085 sensu
497 1036 526 1083 fit,
539 1036 570 1073 u'ti
581 1035 686 1074 ‘rideantur

124 1082 164 1127 450
177 1088 256 1135 Omnia,
269 1099 320 1136 quae
332 1086 413 1135 tuimur,
425 1086 523 1130 fieritum
535 1088 583 1125 bina
595 1087 680 1135 tuendo3

176 1140 229 1180 Bina
241 1140 368 1184 lucernarum
381 1137 664 1186 florentia'lumina-ssammis‚

176 1192 269 1240 Binaque
280 1204 316 1240 per
328 1194 379 1228 totas
392 1190 457 1229 aedeis
470 1190 572 1241 geminare
584 1191 682 1240 supellex,

177 1246 203 1283 Et
216 1242 302 1291 duplices
313 1241 418 1280 hominum
430 1241 495 1294 facies,
511 1245 530 1280 et
543 1254 627 1292 corpora
638 1242 692 1280 bina.

202 1295 300 1343 Denique
313 1306 373 1342 quom
387 1293 444 1332 suari
456 1293 543 1332 devinxit
555 1295 645 1332 membra
658 1304 728 1342 sopore

125 1341 165 1385 455
178 1346 269 1392 Somnus,
283 1345 336 1384 etin
348 1351 430 1384 sumina
439 1345 508 1395 eorpus
521 1345 573 1384 iacet
583 1358 642 1383 omne
655 1346 730 1395 quieteg
749 1367 751 1370 >
781 1374 785 1379 .

178 1398 233 1437 Tum
245 1397 331 1447 vigilare
344 1401 410 1436 tamen
421 1397 478 1436 nobis
491 1402 510 1436 et
522 1398 612 1437 membra
624 1409 705 1436 movere

177 1450 251 1490 Nostra
260 1446 360 1500 ridentur,
373 1454 393 1487 et
405 1450 426 1487 in
438 1450 500 1487 noetis
513 1448 600 1501 ealigine
613 1461 672 1488 eaeeu

178 1502 263 1540 Cernere
275 1502 376 1539 censemus
388 1502 451 1539 solem
463 1502 569 1551 lumenque
581 1502 680 1548 diurnum,

178 1552 313 1603 Concluso'q'ue
324 1553 369 1591 loeo
384 1554 466 1600 eoelum,
479 1566 540 1601 mare,
553 1553 642 1600 flumina,
655 1550 739 1591 monteio
750 1564 753 1568 ’

125 1603 166 1646 let
178 1607 257 1645 Mutare
270 1610 290 1643 et
302 1604 382 1654 campos
393 1605 476 1654 pedibus
488 1605 572 1644 transire
583 1606 681 1654 videmur,

177 1660 204 1696 Et
215 1656 289 1695 sonitus
302 1657 459 1702 audire-severa
471 1656 549 1706 silentia
560 1657 622 1697 noetis
647 1691 648 1694 ,
672 1661 675 1665 ”

177 1708 270 1757 Undique
282 1720 342 1757 quom
355 1710 448 1755 constent,
460 1712 480 1746 et
493 1708 573 1746 reddere
585 1708 638 1747 dieta
650 1708 742 1746 tacentes.

205 1761 277 1799 Cetera
289 1760 313 1797 de
326 1772 398 1810 genere
409 1759 550 1808 hoemirande
561 1760 625 1798 multa
636 1753 732 1807 videmus,

177 1809 239 1861 Quae
246 1811 393 1857 violarelidem
405 1808 462 1861 quasi
473 1811 560 1850 sensibus
574 1811 642 1850 omnia
653 1813 759 1860 quaerunt:

126 1859 166 1913 465
177 1863 315 1913 Nequidquam
322 1875 332 1909 ;·
341 1862 435 1912 quoniam
446 1876 492 1913 pars
499 1864 576 1901 horum
588 1875 682 1902 maxuma
693 1861 746 1901 fallit
808 1875 810 1877 ·

177 1916 261 1966 Propter
272 1915 363 1966 opinatus
375 1914 443 1963 animi,
456 1928 504 1965 qnos
517 1915 606 1953 addimus
618 1915 676 1964 ipset,

177 1968 217 2007 Pro
230 1967 277 2005 'visis
290 1972 313 2005 ut
326 1967 370 2015 sint,
384 1980 435 2017 quae
447 1973 485 2005 u'on
498 1972 543 2005 sunt
556 1967 641 2005 sensibu’
655 1967 705 2006 risa.

177 2020 229 2059 Nam
241 2018 293 2057 nihil
304 2019 384 2068 aegrius
397 2024 433 2068 est,
446 2033 506 2068 quam
518 2032 550 2057 res
562 2023 663 2056 secernere
676 2022 754 2069 apertas

177 2072 208 2110 Ab
222 2070 293 2117 dubiis,
306 2071 384 2110 animus
397 2083 446 2120 quas
459 2073 484 2109 ab
497 2083 519 2110 se
531 2069 619 2119 protinus
632 2070 692 2111 abdit.

125 2120 165 2160 470
203 2121 299 2170 Denique,
312 2122 342 2159 nil
353 2122 400 2160 seiri
414 2122 432 2160 si
445 2122 489 2171 quis
500 2125 563 2171 putat·
575 2121 596 2158 id
608 2135 686 2172 quoque
694 2123 766 2171 neseit3

177 2174 267 2213 rln'seiri
279 2174 346 2224 possit,
358 2186 399 2222 'quo
412 2186 433 2211 se
445 2173 474 2211 nil
486 2173 536 2211 scire
548 2174 629 2212 fatetur.
668 2178 670 2180 ’

177 2226 236 2265 Hune
248 2225 311 2276 igitur
324 2231 392 2272 eontra
404 2225 483 2264 mittam
495 2224 611 2264 'contendere
624 2231 719 2275 eausam.
736 2275 737 2278 Ἴ

177 2277 219 2325 Qui
232 2277 297 2327 eapite
308 2277 350 2327 ipse
364 2290 399 2316 suo
411 2277 433 2316 iu
446 2277 515 2316 statuit
527 2276 613 2328 vestigia
625 2291 673 2319 sese.
804 2310 806 2313 ,

177 2329 205 2366 Et
218 2331 284 2367 tamen
295 2330 334 2367 hoe
347 2342 424 2379 quoque
436 2329 466 2368 uti
475 2329 583 2367 'concedam
596 2329 653 2375 seire,
670 2333 692 2369 at
703 2329 725 2369 id
736 2330 802 2382 ipsum

88 2418 91 2424 Δ
126 2378 165 2420 475
178 2382 285 2428 Quaeram,
299 2394 358 2430 quom
370 2382 391 2419 in
402 2383 462 2419 rebus
474 2381 518 2420 veri
530 2381 559 2418 nil
571 2382 643 2420 viderit
657 2386 710 2430 ante,
741 2405 743 2407 ·

177 2433 234 2470 Unde
246 2431 301 2480 sciat,
315 2431 400 2480 quierit
413 2433 463 2472 seire
474 2437 494 2472 et
506 2434 580 2472 nescire
592 2433 696 2473 vicissim?

178 2484 274 2526 Notitiam
286 2484 330 2525 veri
344 2496 394 2536 qnae
406 2497 438 2526 res
449 2485 537 2536 falsique
549 2486 636 2535 crearits
