1690 2654
199 98 240 141 au
257 98 390 153 timu-au
406 96 580 151 Quiuuuu.
704 92 752 139 349

34 209 117 256 mirari,
130 206 265 248 velmiranali
276 229 303 238 -
315 209 368 249 coeli
374 225 381 254 ‚¹
393 208 458 247 Bentl.
471 208 598 248 mirandam!
607 203 632 255 *)
654 204 708 255 (pro
719 201 752 241 in-

34 259 157 298 teriectione
171 260 288 311 insertum)
302 282 315 290 -
324 283 336 291 —
349 273 402 300 retro
417 264 469 311 (pro
484 260 560 306 caela).
570 258 647 296 Giian.
661 258 712 295 Hav.
730 261 753 293 et

33 312 62 350 W
62 311 94 349 ak.
112 312 234 349 adverbium
252 315 342 352 mirande
352 313 386 350 hic
397 318 445 350 etv.
457 311 502 352 463.
518 309 644 358 defendunt,
651 314 679 350 et
689 307 751 347 Wak.

35 363 120 413 quidem
135 363 206 401 locum
220 364 250 401 sic
261 363 306 401 vult
316 363 457 402 intellectum:
471 391 483 410 „
491 361 601 400 Coniectus
613 373 679 411 aquae
689 372 758 411 prae-v

33 413 70 453 bet
80 414 200 465 despectum
209 415 246 452 suh
257 421 324 452 terras
334 415 361 451 ad
371 414 521 465 penitissimam
531 424 596 463 usque
607 412 750 458 altitudinem

26 463 109 515 *nempe
125 467 175 515 (per
191 466 314 516 epexegesin
328 465 412 516 utique,
426 464 523 503 Lucretio
540 464 599 502 valde
611 463 750 512 familiarem)

34 517 141 566 despicere
154 516 226 554 nubila
240 523 260 554 et
270 516 362 555 eoelum:
376 524 399 554 ut
409 516 493 555 videare
503 515 574 554 videre
585 516 624 554 suh
636 522 703 553 terras
711 515 750 554 mi·

32 568 99 607 raudo
107 574 167 606 mare
177 581 277 619 corpora,
292 568 352 606 coelo
363 567 440 606 abdite.
447 568 461 591 “

86 629 131 671 421.
158 635 180 671 in
195 635 260 671 medio
274 648 299 660 -·
312 654 337 660 —
352 631 457 682 obhaesit]
471 631 501 669 sic
516 631 606 670 editores
624 644 673 670 cum
683 633 749 682 Lugd.

33 684 53 724 1.
63 684 96 732 2.,
108 684 126 722 si
140 685 190 720 Ηειν.
206 682 312 721 silentium
323 688 366 721 nan
376 683 445 731 fattit3
460 685 525 722 ceteri
534 684 585 722 libri
597 697 669 731 amnes
677 687 750 734 medio,

33 735 111 782 omisso,
120 738 154 785 in,
168 740 189 772 et
199 737 300 774 adhaesit.
522 749 524 754 ·

85 787 130 826 422.
156 789 294 838 despeximus]
319 785 430 837 Vulgatam
444 786 533 835 retinui,
554 799 617 838 quam
631 786 693 826 Wak.
714 788 750 836 (et

31 837 151 886 Eiehst.).e
167 837 231 888 Lugd.
243 839 262 876 1.
271 839 290 876 2.
307 843 328 875 et
341 838 402 877 Vinci.
418 838 440 874 in
456 841 581 890 dispeximus
596 840 685 877 mutavit
699 840 748 888 „ob

32 888 115 935 v.425.,
128 895 149 927 et
161 890 209 940 quia
221 894 337 939 spectator,
352 901 406 940 equo
418 889 448 926 sic
461 889 569 936 demersa,
583 890 649 940 magis
660 894 682 928 in
693 892 749 929 latas

30 940 151 1028 prgspiciat,
166 953 229 990 quam
240 941 362 985 deorsum,·“
377 940 433 991 quod
442 940 495 978 mihi
505 940 598 992 argutius
607 954 671 993 quam
679 941 749 979 verius

31 991 51 1030 vi
67 998 118 1029 etur.

82 1043 128 1082 426.
154 1042 254 1090 assimili]
269 1041 298 1078 sic
308 1040 373 1091 Lugd.
382 1042 400 1080 1.
407 1043 433 1090 2,
447 1041 464 1078 si
474 1054 535 1079 verus
545 1049 576 1080 est
585 1044 643 1091 Hae,
658 1049 681 1080 et
692 1045 749 1084 [unt.

22 1100 79 1132 'cum
94 1093 140 1131 Ald.
153 1095 184 1141 2.;
197 1094 258 1133 Paor.
276 1091 322 1144 Alci.
338 1094 357 1133 1.
371 1094 422 1132 Bon.
436 1094 476 1132 liae
489 1096 564 1139 simili;
581 1094 658 1144 reliqui
675 1107 761 1133 omnes

30 1159 55 1184 ae
67 1147 136 1185 simili.

81 1207 126 1248 432.
153 1212 223 1246 Donec
232 1205 293 1245 Wak.
304 1206 395 1245 restituit
405 1219 429 1245 ex
439 1207 535 1246 omnibus
547 1207 618 1255 lihiis3
631 1207 694 1260 vulgo
705 1214 748 1249 Do-

29 1261 107 1307 nicum,
123 1270 148 1295 ex
159 1258 244 1296 arbitria
256 1257 367 1296 editorum.
380 1260 452 1308 (Cani.
462 1260 488 1298 ad
496 1262 519 1308 U,
527 1262 584 1299 1130.
593 1260 648 1310 ete.)
661 1280 686 1289 -
699 1276 748 1299 aon-

30 1311 104 1358 duuit]
119 1309 165 1362 Brit
173 1311 193 1348 2.
205 1326 249 1348 eum
261 1312 331 1358 duxit,
345 1311 405 1348 Poor·
417 1327 477 1364 quam
487 1314 557 1361 duxit,
571 1311 619 1349 Brit.
628 1312 647 1351 l.
654 1314 747 1357 ,tum-du·

29 1364 71 1412 xit,
85 1361 229 1401 Brumae-cie
239 1360 369 1411 simpliciter.

81 1411 127 1453 433.
153 1429 178 1451 ex
186 1415 247 1451 undis
256 1411 324 1461 ortas]
337 1412 386 1451 Brit.
392 1413 411 1451 2.
422 1415 482 1452 undis
492 1423 579 1461 exortus,
592 1413 691 1465 idemque
702 1413 746 1452 vel-

28 1463 50 1501 le
59 1463 156 1502 videntur
166 1465 214 1503 Ver.
226 1465 288 1510 Vea,
302 1479 327 1501 ex
337 1466 396 1502 unciis
407 1475 427 1502 et
438 1476 495 1503 ortus
505 1464 630 1505 exhibentes.

81 1512 125 1555 434.
152 1515 248 1565 candere]
263 1514 292 1552 sic
308 1515 362 1551 lunt.
376 1520 397 1551 et
412 1515 455 1551 Ald.
471 1517 502 1559 23
516 1517 575 1553 Paor.
590 1516 640 1554 Brit.
651 1516 671 1553 2.
689 1514 744 1555 Brix.

28 1565 74 1605 Ald.
87 1568 106 1606 1.
121 1568 171 1605 Bon.
187 1568 280 1612 tendere,
293 1565 357 1616 Lugd.
370 1567 387 1605 1.
404 1566 462 1603 Bodl.
477 1565 601 1607 tindxssrit.
615 1568 634 1607 1.
645 1567 664 1606 3.
683 1566 744 1608 Cant.

28 1616 78 1656 Ver.
87 1620 139 1655 Ven.
150 1620 279 1663 contendere,
292 1617 358 1668 Lugd.
369 1618 389 1656 2.
401 1632 442 1656 nan
453 1619 543 1656 candere.
689 1626 691 1628 ’

79 1678 125 1722 437.
151 1680 292 1733 „tegendum
303 1684 325 1719 in
335 1687 406 1735 panto.
433 1679 487 1726 Quid
497 1680 558 1731 *enim
569 1680 653 1733 navigia
665 1684 687 1721 in
695 1696 745 1735 por-

28 1742 51 1770 tu
62 1733 183 1771 obnitantur
192 1733 284 1770 undis?“
299 1735 399 1771 Oreeclt.
426 1734 490 1769 Recte
502 1738 573 1769 autem
584 1735 646 1772 Hau:
660 1733 744 1780 „Quid?

28 1786 97 1834 ignari
112 1788 175 1823 maris
185 1798 211 1821 au
221 1797 263 1820 nan
274 1784 395 1834 priusquam
404 1781 447 1820 iam
456 1783 478 1819 in
489 1789 578 1832 pontum
589 1785 684 1834 provecti
695 1784 744 1832 sint,

28 1835 92 1872 etiam
100 1835 150 1873 talia
161 1836 235 1872 effecta
246 1838 268 1873 in
277 1845 338 1885 partu
347 1833 450 1871 vident?“
464 1834 523 1871 conf.
531 1834 592 1871 etiam
598 1836 743 1874 ammaum

26 1885 105 1924 Lucan.
117 1888 153 1935 ΙΧ1
165 1888 221 1934 121,
233 1886 345 1923 lectionem
356 1887 448 1936 inportu
459 1884 536 1933 pariter
546 1884 666 1926 defendens.
685 1899 687 1902 ·

36 1937 37 1941 ’
77 1935 123 1976 438.
145 1938 267 1989 fractas-
281 1935 359 1984 undae]
376 1937 406 1972 sic
420 1935 480 1973 Wak.
497 1948 545 1972 cum
560 1936 655 1985 plurimis
670 1935 742 1985 libris3

26 1986 89 2038 vulga
98 1988 180 2037 fractis
191 2009 218 2017 —
231 1990 297 2027 undis,
317 1986 383 2026 Godd.
397 1985 427 2024 sic
442 1986 532 2031 variant:
544 1987 610 2038 Lugd.
623 1989 642 2027 1.
651 1990 671 2027 2.
684 1987 744 2029 Bodl.

22 2038 116 2088 fractas,
129 2039 175 2079 Ata.
192 2042 210 2079 1.
220 2041 245 2079 2.
260 2041 310 2076 Bon.
324 2038 379 2075 lunt.
390 2037 481 2089 fractis,
496 2037 561 2074 ceteri
578 2051 650 2076 amnes
661 2040 743 2091 factas.

27 2087 86 2125 vind.
98 2091 159 2130 Poor.
170 2091 219 2128 Brit.
227 2093 246 2130 2.
253 2091 271 2130 3.
285 2090 344 2127 Cant.
354 2087 409 2125 Brix,
420 2087 467 2128 Vei.
477 2089 528 2128 Ven.
538 2092 611 2137 undas,
625 2090 741 2141 Lageae.

25 2139 93 2225 Badl.d
100 2143 166 2232 ιιηάὲιό,
178 2142 256 2193 reliqui
271 2142 342 2179 omnes
357 2141 431 2179 andiu*
448 2140 478 2177 De
489 2151 543 2177 vace
557 2143 650 2193 aplustra
661 2141 742 2180 dictum

26 2194 78 2225 esta
103 2194 128 2236 11,
164 2195 183 2232 6.
396 2202 398 2205 ·

42 2300 46 2309 Ι
75 2250 121 2292 440.
146 2257 248 2307 guberna,
261 2255 276 2295 i.
286 2268 306 2307 q.
317 2253 464 2307 gubernacula.
483 2253 556 2293 Lamb.
564 2254 607 2294 iam
615 2244 689 2292 laudat
698 2252 741 2292 Na-

25 2314 84 2341 mum
93 2304 151 2354 VIII,
162 2307 207 2357 59„
220 2307 277 2346 hune
287 2306 362 2346 Lucilii
373 2318 456 2346 versum
466 2305 601 2345 afferentem:
614 2310 692 2346 Proras
702 2308 739 2345 ae-

50 2451 74 2501 *)
87 2452 156 2491 Falsus
164 2462 195 2495 est
200 2457 268 2507 Wak„
277 2460 331 2499 hanc
339 2457 453 2498 lectionem
462 2456 505 2497 iam
515 2454 565 2496 edit.
575 2458 625 2497 Bon.
635 2454 737 2495 tribuens.

54 2512 172 2550 aucauaius.
219 2512 222 2514 ’
540 2513 582 2564 Gg
607 2534 609 2537 ·
