1690 2654
196 98 237 139 Ao
253 98 600 162 monuotsnonuuon.
653 93 656 98 ¹
696 95 744 141 253

26 207 95 253 Cant.;
115 206 181 245 ceteri
194 219 267 246 omnes
280 209 363 252 rident,·
382 206 418 245 sed
435 207 488 246 illud
498 211 507 248 i
518 205 619 247 facillime
634 205 744 247 absorberi

24 264 109 311 poteret
119 259 186 311 prima
196 259 300 311 sequentis
312 259 368 297 vocis
376 258 445 297 litere.

34 307 36 310 ¹
77 312 120 350 503.
148 314 208 350 Secia
227 310 378 348 restituendum
399 310 597 359 duxi,sadmonitus
613 323 626 348 a
645 310 743 349 Knebelii

26 363 115 400 censore
124 374 186 412 supra
194 361 262 412 laud„
277 362 312 413 qui
321 368 397 399 contra
405 363 520 399 Burmanni
532 363 567 410 (ad
576 364 659 402 Petron.
671 377 688 402 c.
698 363 742 412 55.)

25 414 169 452 coniecturam
180 416 255 466 Peplos,
275 426 287 450 a
297 413 358 451 Wak.
368 420 488 462 receptam,
503 414 623 461 contendit,
638 414 742 453 eiusmodi

24 465 87 516 pepla
96 465 158 502 variis
170 464 275 502 coloribus
286 464 342 514 picta
354 463 410 515 apud
420 466 524 502 Romanos
533 465 553 501 in
563 478 602 503 usu
612 465 681 515 fuisse,
698 479 742 504 non

16 522 18 525 ’
23 529 85 567 posse
103 515 253 565 demonstrari,
273 515 313 553 sed
326 531 389 555 aurea
403 518 458 555 secla
470 531 585 568 pavonum,
606 517 665 567 quasi
678 522 743 568 „eine

24 570 86 621 lange
94 570 222 607 Abnenreiire
232 583 272 606 oon
281 567 385 621 Pfouen,“
398 566 455 605 buno
465 580 549 605 sensum
561 571 672 617 praebere:
686 571 742 607 Num

24 632 124 671 purpura,
139 632 202 670 quam
212 625 288 665 natura
299 618 383 668 conchis
398 618 478 666 tribuit,
491 632 543 658 num
551 620 649 670 splendor
660 632 741 671 penna-

24 684 79 719 rum,
93 684 135 722 quo
145 673 256 709 immutato
268 670 339 708 omnia
350 670 446 722 deinceps
457 684 562 721 pavonum
573 684 651 723 genera
662 672 742 710 condor

25 723 116 770 voravit,
130 734 212 775 semper
223 722 314 761 eiusdem
326 721 388 772 pretii
397 723 452 760 inter
461 723 555 761 homines
566 723 664 774 fuissent,
677 724 695 761 si
704 736 741 762 no-

23 781 83 824 tura,
97 781 165 813 artem
174 787 232 813 suam
242 774 286 824 ipsa
296 786 400 823 superans,
414 787 479 811 noros
489 782 510 812 et
519 775 649 824 pulchriores
659 776 741 814 colores

20 827 125 879 effingere
134 827 218 877 posset?
245 825 281 863 Gui
291 838 376 876 prorsus
385 826 499 873 assentior,
518 827 560 864 hoc
576 827 645 865 stilum
655 828 740 875 addens,

23 877 98 919 sedunt
109 879 227 928 saepissime
234 877 331 915 Lucretio
342 877 382 914 dici
392 890 430 926 pro
443 890 532 928 genere,
546 878 618 916 sobole
628 879 739 916 hominum

20 930 57 968 uel
65 930 194 979 animalium,
212 929 281 978 (conf.
291 942 310 968 r.
322 942 340 967 c.
353 932 368 977 I,
380 930 411 967 21.
422 932 446 977 ΙΙ,
458 930 489 969 77.
503 932 535 976 HI,
547 930 591 970 753.
602 934 635 978 IV,
644 931 702 970 1223.
712 931 738 980 V,

23 978 68 1022 864.
77 984 121 1027 Ἥ,
130 983 186 1030 tot,
201 988 222 1019 et
230 981 271 1019 vid.
283 980 356 1019 Faber.
367 980 394 1017 ad
405 981 466 1018 Lucr.
479 985 498 1029 Ι,
510 983 556 1028 21.)
575 988 596 1019 et
607 982 695 1020 caudam
704 994 741 1032 pa-

15 1032 81 1072 ·-vonis
92 1033 156 1070 etiem
166 1036 192 1080 11,
203 1035 247 1072 806.
258 1032 280 1069 in
291 1031 409 1081 exemplum
420 1032 506 1078 adduci3
527 1032 640 1073 Broukbus.
653 1045 702 1071 vero
713 1032 741 1070 ad

21 1088 84 1135 Prop.
94 1087 120 1132 Π,
131 1086 162 1133 18,
173 1082 287 1127 fili-nostro
297 1082 362 1122 etiam
370 1083 392 1119 in
402 1082 450 1121 loco
463 1075 488 1121 di
501 1083 590 1121 flabellis
602 1097 613 1122 e
625 1085 740 1135 caudapa·

22 1137 81 1174 vonis
95 1135 258 1187 faotisoogitari
276 1134 371 1173 voluisse.
399 1134 461 1183 Quod
476 1142 548 1173 autem
562 1136 629 1174 varies
638 1136 740 1175 lectiones

22 1187 103 1234 attinet,
115 1187 174 1228 Bodl.
184 1187 233 1236 Brit.
242 1188 260 1226 1.
267 1189 286 1226 2.
292 1187 312 1235 3.
323 1193 343 1224 et
352 1184 405 1225 Brix.
416 1187 464 1227 Ver.
475 1187 527 1225 Ven.
537 1186 582 1224 Ald.
594 1189 611 1227 1.
621 1190 671 1226 Bous
680 1200 740 1239 prae-

21 1239 73 1278 bent
86 1241 127 1278 Sed
138 1254 192 1279 nova
210 1239 319 1288 (receptae
329 1237 415 1276 lectioni
423 1238 546 1289 proxime),
565 1239 595 1277 Pii
611 1252 661 1277 vero
674 1239 742 1281 codd·

22 1303 72 1329 cum
83 1293 172 1328 Iuntset
180 1290 225 1328 Ald.
235 1291 255 1330 2.
263 1292 342 1342 ,Sedulo
354 1304 412 1342 quae.
666 1311 668 1313 ·

73 1340 119 1382 504.
147 1347 262 1382 Contemtus
278 1342 351 1392 sudor]
375 1340 437 1392 vulgo
456 1345 484 1379 Et
504 1352 615 1381 contemtus
628 1343 688 1390 odor,
713 1348 739 1380 ut

21 1392 80 1434 Bodl.
90 1393 150 1433 Vino.
161 1394 218 1432 cent.
229 1393 281 1432 Brix.
292 1393 343 1432 ven.
355 1392 401 1429 Ald.
413 1395 430 1432 1.
440 1394 458 1434 2.
467 1396 517 1439 Bon.
530 1390 595 1440 lun't.;
610 1393 647 1430 sed
658 1394 706 1432 Brit.
719 1396 737 1433 1.

22 1447 42 1485 2·
52 1446 71 1485 3·
81 1448 149 1494 sudor,
156 1447 211 1491 [Ver.
222 1447 302 1491 credor,
316 1444 381 1495 Lugd.
394 1445 410 1483 1.
421 1446 440 1484 2.
453 1447 510 1491 udor,
524 1458 588 1494 quere
600 1444 658 1482 Wak.
671 1445 738 1483 edidit

23 1500 214 1545 eontemrussudos,
229 1508 352 1546 comparans
362 1494 431 1546 Eurip.
440 1500 484 1534 Ion.
496 1494 552 1536 11911,
566 1503 586 1533 et
597 1496 654 1533 Cirin
662 1509 681 1534 v.
691 1495 737 1537 438.

22 1549 101 1586 Tamen
114 1549 187 1599 negari
203 1548 287 1599 nequit,
308 1547 406 1597 copulam
424 1552 461 1595 Ee,
480 1547 502 1585 in
515 1548 611 1586 omnibus
623 1547 682 1585 libris
696 1548 737 1585 ob-

22 1600 89 1649 viam,
109 1600 190 1652 vulgari
204 1600 259 1637 baud
269 1611 343 1650 parum
356 1598 460 1648 opitulari.
474 1620 500 1628 -
513 1599 617 1650 smyrnae]
633 1598 664 1636 sic
673 1599 738 1639 Waln

23 1664 71 1689 cum
80 1651 146 1702 Lugd.
158 1655 175 1692 1.
185 1654 203 1694 2,
216 1651 273 1690 Βο111.
285 1650 344 1688 Vind.
356 1650 405 1691 Brit.
416 1652 435 1690 3.
447 1656 467 1687 et
476 1650 529 1689 Brix.
541 1651 589 1689 Ver.
598 1653 649 1689 Ven.
660 1651 705 1690 Ald.
719 1654 738 1692 1.

21 1705 83 1793 lippa
93 1750 95 1753 ι
107 1705 167 1744 Ceut.
181 1707 276 1743 smirnoe.
303 1703 370 1754 Vulgo
385 1704 490 1753 myrrhae,
509 1708 534 1741 ut
547 1702 597 1743 Brit.
613 1704 632 1743 1.
647 1704 666 1741 2.
683 1706 737 1742 lunt.

72 1808 118 1846 510.
144 1818 198 1846 retro
207 1798 285 1860 quoqne
294 1805 379 1854 tetrius]
393 1803 451 1842 Boot.
461 1805 522 1853 Poor.
531 1804 580 1843 Brit:
591 1807 610 1844 2.
622 1806 641 1844 3.
652 1812 673 1843 et
683 1805 736 1846 Brix.

21 1857 68 1894 Ver.
75 1860 126 1896 Ven.
136 1862 229 1910 imoque
240 1870 263 1897 ut
273 1860 346 1905 acrius,
359 1855 433 1895 Britt.
444 1867 537 1910 retroque
550 1867 573 1894 ut
582 1859 659 1896 tetrius.
674 1856 735 1896 Wak.

21 1908 75 1946 coni·
88 1921 160 1949 tetrum
172 1911 338 1962 quoqueeotrios.

28 1981 32 1984 ·
52 1979 56 1981 -
71 1961 117 2000 512.
125 1964 186 2014 quin,
199 1962 247 2009 (ie.
258 1964 297 2000 imo
305 1959 340 1997 trel
349 1960 390 2005 sed,
404 1964 427 1996 ut
436 1958 516 2007 saepius
528 1957 584 2007 apud
594 1959 734 2009 Lucretium),

20 2010 86 2049 tuat.
93 2018 122 2049 est
134 2014 256 2051 coniectura
274 2024 312 2062 pro
323 2009 404 2061 vulgari
417 2013 449 2058 in,
471 2010 588 2059 quodlicet
601 2011 627 2048 ah
639 2012 736 2049 omnibus
749 2007 761 2019 '

20 2061 79 2098 libris
92 2063 224 2112 exhiheatur,
239 2063 415 2103 constructionem
427 2060 481 2098 miro
494 2061 557 2099 modo
567 2062 651 2107 turhat3
671 2076 736 2114 quere

6 2112 64 2162 giam
72 2114 145 2155 Lamb.
155 2116 177 2153 in
189 2116 231 2154 line
242 2128 312 2155 versus
324 2126 344 2155 ee
353 2112 435 2161 adiecit,
450 2112 518 2151 Gifan.
529 2126 579 2151 vero
592 2114 676 2164 aliique,
688 2115 736 2152 lon-

21 2174 48 2212 ge
58 2162 154 2214 deterius,
169 2179 264 2221 certoque
273 2167 352 2214 volunt,
364 2171 389 2202 ut
398 2177 468 2202 versus
481 2165 508 2202 sit
516 2165 656 2214 hypermeter.
673 2166 734 2206 Wak.

22 2212 111 2262 denique
123 2222 144 2252 et
153 2217 215 2257 aliam
225 2218 325 2270 proponit
337 2216 390 2260 coni.
400 2218 422 2254 in
431 2218 496 2259 rebus,
508 2219 543 2255 sed
554 2218 611 2255 dota.

72 2262 118 2304 514.
139 2269 221 2321 finitis]
241 2272 271 2310 sic
285 2270 333 2310 Brit.
344 2271 364 2309 2.
375 2272 396 2306 et
404 2267 450 2305 Ald.
462 2270 480 2307 1.
490 2270 510 2308 2.
525 2270 575 2307 Bou.
585 2271 651 2316 Iunt.;
670 2269 735 2308 ceteri

21 2314 115 2364 infinitis,
127 2318 189 2360 mole.
366 2323 368 2328 '

72 2366 117 2406 516.
146 2372 225 2422 Omnis]
242 2373 271 2412 sic
280 2372 341 2412 Wak.
353 2383 402 2410 curn
412 2370 508 2410 omnibus
519 2371 576 2408 libris
588 2377 671 2421 praeter
679 2375 732 2411 lunt.

12 2421 42 2464 ,θῗ
57 2416 102 2457 Α111·
112 2419 130 2456 2
136 2445 143 2476 .’
164 2433 216 2469 quae
228 2427 286 2463 Finis
298 2425 409 2475 praebent3
429 2423 491 2474 vulgo
504 2426 572 2468 Finit,
586 2424 697 2471 utVindq
716 2422 733 2460 si

21 2466 118 2505 collatorr
126 2468 176 2507 futes
188 2472 289 2513 habenda.
315 2477 346 2515 Ad
357 2478 426 2516 Omnis
443 2482 514 2513 autem
524 2474 585 2513 Wek.
597 2474 679 2524 supplet
692 2490 732 2514 on-

51 2537 166 2567 nuenrrrus.
561 2531 581 2569 Y
