1690 2654
86 82 135 128 374
305 80 587 125 ANNOTATIONES

138 190 183 232 945.
209 191 239 228 sic
249 188 282 239 ut]
297 187 327 226 ita
338 196 387 229 vett.
400 190 472 239 editt„
484 198 569 242 praeter
582 190 644 242 Brir„
659 204 738 241 omme,
757 205 807 244 quas

87 245 175 284 editores
188 249 246 280 recte
262 248 388 292 sequuntur3
402 244 468 295 Lugd.
479 248 497 284 1.
514 244 572 282 Bodl.
583 245 643 282 Vind.
657 246 705 281 Brit.
718 246 736 284 3.
755 246 807 284 [trix.

86 302 116 336 sic
132 299 175 339 uti,
189 294 249 346 Lngd
257 296 277 334 2.
293 296 353 332 Poor.
367 299 424 334 Cant.
431 299 462 346 fit
475 300 517 344 uti,
532 297 580 336 ssrir.
591 298 611 335 Ξ.
625 301 665 346 sic,
681 297 757 334 omisso
777 309 807 336 uc,

84 350 118 386 De
135 346 185 384 Brit„
202 349 220 387 1.
246 346 292 384 silet
307 347 379 396 Walr.,
405 349 442 399 qui
457 349 520 387 simul
535 348 637 399 proponit
652 350 807 387 coniecturam:

86 402 190 451 Carporis5
204 411 266 452 atquc
282 401 360 438 honuni
371 402 401 450 fit
416 403 460 440 zuei
473 418 523 454 parc
539 408 590 449 etc,
610 401 643 438 cui
660 414 684 438 eo
702 401 769 451 magis
785 413 807 438 se

84 451 191 490 confidere
203 452 265 498 dicit,
281 452 329 502 quia
341 453 400 491 nulla
409 453 447 491 fiat
459 458 523 494 animi
534 452 614 491 mentio
626 467 664 505 per
674 459 744 491 totam
753 453 807 491 hanc

85 504 110 542 de
121 520 190 544 sonnio
200 504 370 554 disputationem.

136 554 182 597 946⁴
209 556 319 606 Eliciatur]
333 559 362 594 sic
371 569 444 594 omnes
453 556 509 604 libri,
520 569 612 608 quorum
622 556 738 594 lectionem
746 555 807 596 Walr¹

83 609 201 656 revocavit3
215 609 279 660 vulgo
290 609 346 647 enim
356 612 469 656 Efficiatur,
487 623 512 648 ex
522 608 621 649 Lambini
632 609 726 648 arbitrio.
747 610 806 647 Gonf.

83 663 166 712 111‚58.
179 667 199 698 et
210 659 255 700 459.
399 700 400 703 ,
797 700 806 710 „

135 712 180 753 948.
208 712 281 764 neque]
295 710 324 747 ila
334 710 394 748 Wak.
406 723 454 747 cum
465 711 562 760 plurimis
572 711 643 759 libris3
658 713 719 751 Vind.
730 712 780 752 Brit.
788 716 806 753 1.

83 767 139 804 Iunt.
153 772 174 802 et
185 765 229 805 Ald.
238 766 257 803 2.
272 779 318 809 nec,
333 770 356 799 nt
366 762 428 814 vulgo
442 762 517 801 editur.
595 795 598 799 Α

135 814 181 856 949.
208 815 287 867 saepit]
301 815 354 853 Brix.
364 816 412 853 Ver.
421 816 472 853 Ven.
482 832 542 870 saepe
554 827 586 863 et,
598 815 646 858 Ald.
657 818 676 856 1.
690 818 741 854 Bon.
754 820 807 869 sepit

83 880 115 915 et,
128 869 187 907 Bodl.
206 868 268 907 Vind.
285 867 334 903 Brit.
353 869 373 906 1.
389 869 409 906 2.
425 868 444 907 3.
458 884 517 921 sepe,
533 869 591 908 cant.
603 875 673 922 sepsit.
688 889 713 896 -
727 880 806 907 coetus:

83 920 117 970 „i
132 934 149 958 e.
168 923 247 967 coitus,
261 919 295 956 vel
310 920 481 957 coniunctionem
495 923 588 971 partium
603 921 667 959 modo
678 926 807 960 memorate·

83 973 163 1022 rum‚“
176 979 200 1010 ut
216 971 276 1011 Wak.
293 971 457 1022 interpretatur,
475 972 531 1011 hanc
546 972 687 1024 plurimorum
703 972 807 1009 librorum

83 1025 198 1062 lectionem
216 1024 339 1068 restituens3
353 1026 401 1062 Ver.
418 1028 470 1063 ven.
485 1037 563 1071 coctus,
578 1027 633 1064 Iunt.
644 1024 690 1062 Ald.
701 1026 720 1063 2.
731 1036 806 1077 septus.

83 1077 151 1128 Vulgo
167 1080 248 1124 (ulitur,
262 1089 273 1113 e
284 1075 381 1113 Lambini
391 1076 522 1122 correctione
533 1090 617 1127 prorsus
627 1076 740 1128 superflua.

136 1130 181 1168 952.
209 1131 381 1181 languescuntque
396 1128 457 1166 Wak.
475 1129 539 1166 edidit
554 1141 565 1166 e
579 1129 646 1180 Lugd.
657 1132 676 1169 1·
687 1130 706 1168 2·
721 1141 807 1179 „quum

83 1181 165 1219 tardior
181 1187 202 1218 et
215 1179 354 1230 ponderosior
370 1180 420 1217 hinc
435 1181 566 1228 venustior,
580 1186 644 1231 atque
657 1181 710 1218 adeo
724 1193 772 1218 cum
783 1193 806 1218 re

84 1234 168 1283 depicta
178 1232 242 1284 longe
254 1232 442 1280 convenientior;“
456 1233 518 1284 vulgo
533 1235 679 1285 languescunt,
693 1238 717 1269 ut
730 1232 807 1284 reliqui

82 1285 138 1324 libri.

135 1336 180 1376 953.
206 1334 302 1385 cubanti]
316 1333 347 1373 ita
362 1336 413 1373 Hav.
428 1340 451 1372 et
465 1335 526 1375 Wak.
543 1319 704 1373 cum‘omnihus
716 1334 774 1372 libris
786 1342 807 1373 et

82 1388 163 1438 Nonio,
176 1387 234 1425 huno
248 1399 332 1424 versum
348 1388 388 1436 ΠΙ,
405 1384 449 1426 164.
468 1388 582 1433 afferente;
598 1389 661 1440 vulgo
675 1394 746 1425 tamen
754 1404 805 1440 pro-

84 1442 189 1487 cumbunt,
204 1439 261 1489 quod
273 1439 346 1479 Lamh.
360 1438 413 1476 fecit
424 1451 435 1475 e
445 1438 538 1477 lectione
552 1439 643 1477 duorum
655 1439 721 1477 Godd.
732 1455 807 1492 procu-

83 1496 148 1532 banti.
163 1491 231 1529 Gifau.
242 1491 287 1529 vult
295 1493 409 1545 procudunt
415 1506 422 1539 ,¹
433 1492 543 1529 Turnebus
554 1491 692 1531 emicabant
700 1507 739 1546 pra
755 1492 781 1541 (i.
788 1504 805 1531 e.

82 1544 223 1596 procubant.)
380 1590 381 1593 Ἰ

136 1598 165 1633 De
176 1609 195 1635 v.
208 1593 265 1644 954,
279 1607 344 1645 quem
356 1594 442 1642 servavi,
456 1600 480 1631 ut
489 1594 545 1645 apud
555 1595 606 1634 Hav.
617 1601 638 1632 et
648 1594 709 1633 Wak.
720 1594 805 1646 legitur,

84 1649 106 1686 in
121 1649 205 1685 Comm.
216 1660 263 1685 mea
275 1647 301 1684 de
313 1649 374 1686 Lucr.
384 1653 429 1684 not.
440 1647 472 1686 56.
485 1660 505 1697 p.
517 1649 542 1686 91
554 1660 570 1684 s.
582 1647 614 1683 his
624 1647 669 1684 fere
681 1647 748 1684 verbis
762 1647 807 1684 dis-

83 1699 166 1751 putavi:
186 1699 245 1747 „Hic
259 1711 342 1744 versus,
362 1698 397 1749 qui
412 1698 434 1735 in
448 1698 508 1736 Vind.
526 1704 547 1736 ct
562 1698 612 1736 Brit.
625 1701 643 1738 1.
654 1700 673 1738 2.
687 1700 706 1737 3.
720 1699 805 1737 omnino

85 1752 220 1799 desideratur,
231 1750 254 1786 in
264 1750 338 1787 ceteris
348 1757 418 1795 autem
427 1749 486 1787 lihris
493 1750 589 1788 omnibus
599 1749 629 1787 sic
639 1750 727 1801 legitur:
741 1754 806 1804 Saepe

84 1816 153 1843 tamen
164 1804 309 1841 submittuntur
320 1807 360 1840 etc.
376 1805 402 1849 (a
415 1802 489 1852 quihus
501 1804 557 1839 lunt.
569 1809 589 1840 et
600 1802 644 1841 Ald.
654 1804 673 1841 2.
686 1803 708 1838 in
720 1813 745 1839 eo
756 1808 803 1840 tan-

84 1863 130 1893 tum
151 1854 261 1902 differunt,
285 1853 342 1905 qnod
360 1854 477 1905 particulae
497 1867 565 1893 tamen
583 1854 711 1891 substituunt
730 1855 803 1904 ctiam)

85 1920 152 1959 quum
169 1907 283 1953 Leontino,
299 1906 393 1953 filtanio,
407 1906 488 1953 Fabro,
502 1906 603 1943 Creechio
619 1905 705 1956 aliisque
717 1905 760 1944 iem
770 1921 803 1945 su·

86 1965 169 2008 spectus
184 1958 260 2007 fuerit,
275 1958 301 1995 ab
318 1959 367 1997 Hav.
385 1965 457 1995 tamen
470 1964 491 1994 et
499 1957 560 1996 lilak.
572 1957 639 1995 denuo
649 1957 755 1995 restitutus
766 1966 802 2006 est,

86 2010 155 2048 Vossii
171 2010 261 2060 quadam
278 2010 400 2048 coniectura
411 2015 508 2059 recepta,
522 2022 563 2059 qua
575 2009 650 2046 vitium
668 2010 710 2046 eius
721 2016 816 2049 sanare-'⁹

86 2069 129 2100 tur.
156 2063 214 2100 Voss.
232 2061 288 2099 enim
304 2074 315 2098 e
327 2061 382 2099 Festi
394 2061 442 2099 loco
453 2074 473 2111 p.
484 2059 529 2099 461.
542 2060 614 2097 Gotlr:
629 2089 643 2107 ‚‚
652 2065 715 2100 Tama
722 2062 804 2112 dicitur,

87 2127 136 2151 cum
146 2113 220 2152 labore
230 2114 275 2151 viae
285 2114 368 2164 sanguis
377 2114 399 2150 in
410 2126 472 2151 crura
483 2111 589 2149 descendit
599 2118 619 2149 et
629 2120 733 2151 tumorem
744 2114 803 2153 facit.

57 2172 61 2177 ’
86 2164 187 2203 Lucilius:
201 2169 280 2216 inguen
291 2178 318 2202 ne
331 2166 416 2214 existat,
430 2164 529 2214 papulae,
544 2170 613 2212 tama,
626 2178 652 2203 ne
662 2167 703 2203 boa
714 2166 804 2215 noxit‚“

85 2217 121 2254 hic
135 2217 199 2254 etiam
209 2217 322 2267 legendum
330 2224 401 2266 putat:
416 2220 481 2268 Saepe
492 2216 548 2254 tumc'i
558 2217 702 2256 silbmittuntur
712 2224 759 2266 etc.⁷
773 2226 805 2256 ta-

86 2281 186 2318 mamque
200 2270 312 2306 cubantem
328 2269 369 2306 dici
381 2269 507 2313 arbitratur,
522 2268 578 2318 quod
595 2268 691 2307 deorsum
705 2270 730 2307 ad
741 2271 804 2320 pedes

86 2320 162 2359 tendat
175 2322 213 2366 (ut
223 2333 285 2370 supra
295 2334 313 2360 v.
326 2321 372 2361 518.
386 2323 482 2359 cubantia
492 2321 565 2369 tecta).
591 2324 618 2357 At
627 2322 677 2372 quid
688 2322 713 2358 ah
723 2322 764 2359 hoc
773 2322 804 2360 lo-

88 2386 121 2421 co,
134 2370 171 2409 uhi
180 2371 275 2422 vulgares
286 2377 307 2408 et
318 2372 449 2421 quotidianae
461 2372 528 2408 somni
537 2384 610 2410 causae
619 2374 746 2422 referuntur,
760 2386 805 2412 ma-

86 2425 118 2478 gis
129 2424 221 2462 alienum
232 2436 275 2461 esse
286 2429 355 2472 potest
364 2424 472 2475 incognito
484 2423 520 2460 illo
535 2425 604 2462 morbi
615 2425 702 2463 alicuius
711 2426 803 2475 nomine,

88 2477 135 2528 qui,
148 2474 173 2514 ut
190 2488 215 2514 ex
231 2475 275 2526 ipso
288 2475 362 2513 Lucilii
372 2476 420 2513 loco
431 2482 452 2512 et
463 2475 517 2513 Festi
527 2475 698 2529 interpretatione
711 2484 803 2528 apparet,
