<?xml version="1.0" encoding="UTF-8"?>
<!DOCTYPE html PUBLIC "-//W3C//DTD XHTML 1.0 Transitional//EN"
    "http://www.w3.org/TR/xhtml1/DTD/xhtml1-transitional.dtd">
<html xmlns="http://www.w3.org/1999/xhtml" xml:lang="en" lang="en">
 <head>
  <title>
</title>
<meta http-equiv="Content-Type" content="text/html;charset=utf-8" />
  <meta name='ocr-system' content='tesseract 3.04.00' />
  <meta name='ocr-capabilities' content='ocr_page ocr_carea ocr_par ocr_line ocrx_word'/>
</head>
<body>
  <div class='ocr_page' id='page_1' title='image "./MN40048ucmf_3_0619.png"; bbox 0 0 1690 2654; ppageno 0'>
   <div class='ocr_carea' id='block_1_1' title="bbox 227 76 772 140">
    <p class='ocr_par' dir='ltr' id='par_1_1' title="bbox 227 76 772 140">
     <span class='ocr_line' id='line_1_1' title="bbox 227 76 772 140; baseline -0.035 -14"><span class='ocrx_word' id='word_1_1' title='bbox 227 79 422 126; x_wconf 70' lang='lat' dir='ltr'>inuruntur</span> <span class='ocrx_word' id='word_1_2' title='bbox 440 77 591 140; x_wconf 80' lang='lat' dir='ltr'>surruu.</span> <span class='ocrx_word' id='word_1_3' title='bbox 726 76 772 120; x_wconf 76' lang='lat' dir='ltr'>etl</span> 
     </span>
    </p>
   </div>
   <div class='ocr_carea' id='block_1_2' title="bbox 56 186 773 304">
    <p class='ocr_par' dir='ltr' id='par_1_2' title="bbox 56 186 773 304">
     <span class='ocr_line' id='line_1_2' title="bbox 57 186 773 253; baseline -0.021 -14"><span class='ocrx_word' id='word_1_4' title='bbox 57 214 96 253; x_wconf 82' lang='lat' dir='ltr'>quo</span> <span class='ocrx_word' id='word_1_5' title='bbox 108 197 247 252; x_wconf 78' lang='lat' dir='ltr'><em>quadrupedes</em></span> <span class='ocrx_word' id='word_1_6' title='bbox 263 194 349 234; x_wconf 79' lang='lat' dir='ltr'>simulac</span> <span class='ocrx_word' id='word_1_7' title='bbox 360 205 379 230; x_wconf 82' lang='lat' dir='ltr'>u.</span> <span class='ocrx_word' id='word_1_8' title='bbox 387 204 422 244; x_wconf 62' lang='grc' dir='ltr'>μς</span> <span class='ocrx_word' id='word_1_9' title='bbox 439 188 507 228; x_wconf 83' lang='lat' dir='ltr'>Faber</span> <span class='ocrx_word' id='word_1_10' title='bbox 515 187 656 227; x_wconf 81' lang='lat' dir='ltr'><strong>-audacissime</strong></span> <span class='ocrx_word' id='word_1_11' title='bbox 669 186 735 230; x_wconf 74' lang='lat' dir='ltr'>coni:</span> <span class='ocrx_word' id='word_1_12' title='bbox 747 207 773 215; x_wconf 91' lang='lat'><em>-</em></span> 
     </span>
     <span class='ocr_line' id='line_1_3' title="bbox 56 242 773 304; baseline -0.017 -13"><span class='ocrx_word' id='word_1_13' title='bbox 56 253 153 304; x_wconf 76' lang='lat' dir='ltr'>spelunca</span> <span class='ocrx_word' id='word_1_14' title='bbox 165 251 242 296; x_wconf 84' lang='lat' dir='ltr'>uideri,</span> <span class='ocrx_word' id='word_1_15' title='bbox 264 247 421 296; x_wconf 78' lang='lat' dir='ltr'>Qucidrupedum</span> <span class='ocrx_word' id='word_1_16' title='bbox 431 258 469 295; x_wconf 83' lang='lat' dir='ltr'>quo</span> <span class='ocrx_word' id='word_1_17' title='bbox 480 243 550 280; x_wconf 77' lang='lat' dir='ltr'>saecla</span> <span class='ocrx_word' id='word_1_18' title='bbox 560 242 620 280; x_wconf 81' lang='lat' dir='ltr'>simul</span> <span class='ocrx_word' id='word_1_19' title='bbox 628 243 718 291; x_wconf 77' lang='lat' dir='ltr'>uestigia</span> <span class='ocrx_word' id='word_1_20' title='bbox 727 243 773 294; x_wconf 84' lang='lat' dir='ltr'>pri·</span> 
     </span>
    </p>
   </div>
   <div class='ocr_carea' id='block_1_3' title="bbox 26 295 799 2519">
    <p class='ocr_par' dir='ltr' id='par_1_3' title="bbox 31 295 773 974">
     <span class='ocr_line' id='line_1_4' title="bbox 56 295 773 349; baseline -0.014 -8"><span class='ocrx_word' id='word_1_21' title='bbox 56 319 90 344; x_wconf 84' lang='lat' dir='ltr'>ma</span> <span class='ocrx_word' id='word_1_22' title='bbox 100 309 151 349; x_wconf 87' lang='lat' dir='ltr'>etc.;</span> <span class='ocrx_word' id='word_1_23' title='bbox 171 299 258 339; x_wconf 87' lang='lat' dir='ltr'>Creech.</span> <span class='ocrx_word' id='word_1_24' title='bbox 271 296 401 346; x_wconf 83' lang='lat' dir='ltr'>suspicatur:</span> <span class='ocrx_word' id='word_1_25' title='bbox 416 317 442 323; x_wconf 86' lang='lat'>—-</span> <span class='ocrx_word' id='word_1_26' title='bbox 454 304 510 342; x_wconf 80' lang='lat' dir='ltr'>esse,</span> <span class='ocrx_word' id='word_1_27' title='bbox 525 295 617 346; x_wconf 81' lang='lat' dir='ltr'>uigentes</span> <span class='ocrx_word' id='word_1_28' title='bbox 630 295 773 346; x_wconf 75' lang='lat' dir='ltr'><em>Quadrupedes</em></span> 
     </span>
     <span class='ocr_line' id='line_1_5' title="bbox 71 345 772 409; baseline -0.013 -18"><span class='ocrx_word' id='word_1_29' title='bbox 71 371 135 409; x_wconf 77' lang='lat' dir='ltr'>noque</span> <span class='ocrx_word' id='word_1_30' title='bbox 150 358 201 400; x_wconf 87' lang='lat' dir='ltr'>etc.;</span> <span class='ocrx_word' id='word_1_31' title='bbox 219 353 270 389; x_wconf 81' lang='lat' dir='ltr'>Hau.</span> <span class='ocrx_word' id='word_1_32' title='bbox 284 350 328 387; x_wconf 84' lang='lat' dir='ltr'>sola</span> <span class='ocrx_word' id='word_1_33' title='bbox 342 347 514 398; x_wconf 78' lang='lat' dir='ltr'>interpunctione</span> <span class='ocrx_word' id='word_1_34' title='bbox 529 345 601 383; x_wconf 89' lang='lat' dir='ltr'>locum</span> <span class='ocrx_word' id='word_1_35' title='bbox 614 345 681 382; x_wconf 83' lang='lat' dir='ltr'>iuvari</span> <span class='ocrx_word' id='word_1_36' title='bbox 693 351 772 393; x_wconf 86' lang='lat' dir='ltr'>censet,</span> 
     </span>
     <span class='ocr_line' id='line_1_6' title="bbox 55 371 772 451; baseline -0.014 -6"><span class='ocrx_word' id='word_1_37' title='bbox 55 371 183 446; x_wconf 69' lang='lat' dir='ltr'>inemodo:</span> <span class='ocrx_word' id='word_1_38' title='bbox 198 425 223 431; x_wconf 89' lang='lat'>-</span> <span class='ocrx_word' id='word_1_39' title='bbox 237 418 286 448; x_wconf 80' lang='lat' dir='ltr'>esse,</span> <span class='ocrx_word' id='word_1_40' title='bbox 300 403 366 440; x_wconf 78' lang='lat' dir='ltr'>uideri</span> <span class='ocrx_word' id='word_1_41' title='bbox 379 400 523 451; x_wconf 75' lang='lat' dir='ltr'><em>Quadrupedes</em></span> <span class='ocrx_word' id='word_1_42' title='bbox 536 403 575 437; x_wconf 88' lang='lat' dir='ltr'>etc.</span> <span class='ocrx_word' id='word_1_43' title='bbox 588 397 619 446; x_wconf 84' lang='lat' dir='ltr'>,‚i.</span> <span class='ocrx_word' id='word_1_44' title='bbox 632 409 649 437; x_wconf 87' lang='lat' dir='ltr'>e.</span> <span class='ocrx_word' id='word_1_45' title='bbox 661 399 695 437; x_wconf 74' lang='lat' dir='ltr'>udi</span> <span class='ocrx_word' id='word_1_46' title='bbox 705 398 772 436; x_wconf 87' lang='lat' dir='ltr'>videri</span> 
     </span>
     <span class='ocr_line' id='line_1_7' title="bbox 53 450 771 514; baseline -0.015 -16"><span class='ocrx_word' id='word_1_47' title='bbox 53 468 149 514; x_wconf 77' lang='lat' dir='ltr'>possunt,</span> <span class='ocrx_word' id='word_1_48' title='bbox 163 454 307 506; x_wconf 83' lang='lat' dir='ltr'>quadrupedes</span> <span class='ocrx_word' id='word_1_49' title='bbox 319 465 330 490; x_wconf 92' lang='lat' dir='ltr'>e</span> <span class='ocrx_word' id='word_1_50' title='bbox 344 451 431 502; x_wconf 81' lang='lat' dir='ltr'>vestigio</span> <span class='ocrx_word' id='word_1_51' title='bbox 443 450 525 501; x_wconf 80' lang='lat' dir='ltr'>perire,</span> <span class='ocrx_word' id='word_1_52' title='bbox 546 456 566 487; x_wconf 90' lang='lat' dir='ltr'>et</span> <span class='ocrx_word' id='word_1_53' title='bbox 576 462 598 489; x_wconf 81' lang='lat' dir='ltr'>ut</span> <span class='ocrx_word' id='word_1_54' title='bbox 613 450 657 500; x_wconf 77' lang='lat' dir='ltr'>ipsa</span> <span class='ocrx_word' id='word_1_55' title='bbox 667 450 698 487; x_wconf 80' lang='lat' dir='ltr'>uis</span> <span class='ocrx_word' id='word_1_56' title='bbox 709 456 771 501; x_wconf 79' lang='lat' dir='ltr'>cogat</span> 
     </span>
     <span class='ocr_line' id='line_1_8' title="bbox 55 501 771 558; baseline -0.011 -10"><span class='ocrx_word' id='word_1_57' title='bbox 55 512 123 556; x_wconf 84' lang='lat' dir='ltr'>etc.“;</span> <span class='ocrx_word' id='word_1_58' title='bbox 143 520 184 558; x_wconf 83' lang='lat' dir='ltr'>qua</span> <span class='ocrx_word' id='word_1_59' title='bbox 197 513 268 543; x_wconf 83' lang='lat' dir='ltr'>tamen</span> <span class='ocrx_word' id='word_1_60' title='bbox 282 503 420 553; x_wconf 77' lang='lat' dir='ltr'>explicatione</span> <span class='ocrx_word' id='word_1_61' title='bbox 431 501 488 541; x_wconf 80' lang='lat' dir='ltr'>haud</span> <span class='ocrx_word' id='word_1_62' title='bbox 499 501 561 540; x_wconf 85' lang='lat' dir='ltr'>dubie</span> <span class='ocrx_word' id='word_1_63' title='bbox 570 502 631 552; x_wconf 76' lang='lat' dir='ltr'>plura</span> <span class='ocrx_word' id='word_1_64' title='bbox 642 502 771 553; x_wconf 85' lang='lat' dir='ltr'>supplentur,</span> 
     </span>
     <span class='ocr_line' id='line_1_9' title="bbox 56 554 770 612; baseline -0.008 -13"><span class='ocrx_word' id='word_1_65' title='bbox 56 573 119 612; x_wconf 81' lang='lat' dir='ltr'>quem</span> <span class='ocrx_word' id='word_1_66' title='bbox 127 571 179 609; x_wconf 76' lang='lat' dir='ltr'>quae</span> <span class='ocrx_word' id='word_1_67' title='bbox 189 556 287 607; x_wconf 79' lang='lat' dir='ltr'>scriptori</span> <span class='ocrx_word' id='word_1_68' title='bbox 299 555 384 592; x_wconf 81' lang='lat' dir='ltr'>licuerit</span> <span class='ocrx_word' id='word_1_69' title='bbox 392 555 497 593; x_wconf 87' lang='lat' dir='ltr'>omittere.</span> <span class='ocrx_word' id='word_1_70' title='bbox 510 554 571 594; x_wconf 70' lang='lat' dir='ltr'>tuan.</span> <span class='ocrx_word' id='word_1_71' title='bbox 582 554 672 606; x_wconf 85' lang='lat' dir='ltr'>denique</span> <span class='ocrx_word' id='word_1_72' title='bbox 683 555 736 596; x_wconf 90' lang='lat' dir='ltr'>coni.</span> <span class='ocrx_word' id='word_1_73' title='bbox 745 576 770 583; x_wconf 88' lang='lat'>-</span> 
     </span>
     <span class='ocr_line' id='line_1_10' title="bbox 55 606 616 653; baseline -0.016 0"><span class='ocrx_word' id='word_1_74' title='bbox 55 615 110 653; x_wconf 82' lang='lat' dir='ltr'>lucus</span> <span class='ocrx_word' id='word_1_75' title='bbox 122 614 160 649; x_wconf 77' lang='lat' dir='ltr'>iste</span> <span class='ocrx_word' id='word_1_76' title='bbox 168 612 240 650; x_wconf 86' lang='lat' dir='ltr'>uideri.</span> <span class='ocrx_word' id='word_1_77' title='bbox 266 608 366 644; x_wconf 82' lang='lat' dir='ltr'>Lectores</span> <span class='ocrx_word' id='word_1_78' title='bbox 378 619 415 645; x_wconf 91' lang='lat' dir='ltr'>suo</span> <span class='ocrx_word' id='word_1_79' title='bbox 425 606 503 646; x_wconf 88' lang='lat' dir='ltr'>iudicio</span> <span class='ocrx_word' id='word_1_80' title='bbox 511 608 616 645; x_wconf 76' lang='lat' dir='ltr'>fruantur.</span> 
     </span>
     <span class='ocr_line' id='line_1_11' title="bbox 53 658 771 714; baseline 0 -17"><span class='ocrx_word' id='word_1_81' title='bbox 53 690 56 697; x_wconf 61' lang='lat'><em>„</em></span> <span class='ocrx_word' id='word_1_82' title='bbox 106 664 150 703; x_wconf 86' lang='lat'>758.</span> <span class='ocrx_word' id='word_1_83' title='bbox 176 658 362 709; x_wconf 77' lang='lat' dir='ltr'>Offenditqnidem</span> <span class='ocrx_word' id='word_1_84' title='bbox 373 672 413 697; x_wconf 87' lang='lat' dir='ltr'>vox</span> <span class='ocrx_word' id='word_1_85' title='bbox 428 660 771 714; x_wconf 79' lang='lat' dir='ltr'>quoquestatimreciirrens,per</span> 
     </span>
     <span class='ocr_line' id='line_1_12' title="bbox 54 711 771 762; baseline -0.007 -8"><span class='ocrx_word' id='word_1_86' title='bbox 54 728 76 755; x_wconf 91' lang='lat' dir='ltr'>se</span> <span class='ocrx_word' id='word_1_87' title='bbox 90 721 162 753; x_wconf 82' lang='lat' dir='ltr'>tamen</span> <span class='ocrx_word' id='word_1_88' title='bbox 175 715 229 752; x_wconf 84' lang='lat' dir='ltr'>hene</span> <span class='ocrx_word' id='word_1_89' title='bbox 243 711 317 759; x_wconf 82' lang='lat' dir='ltr'>haber,</span> <span class='ocrx_word' id='word_1_90' title='bbox 332 724 396 762; x_wconf 86' lang='lat' dir='ltr'>quum</span> <span class='ocrx_word' id='word_1_91' title='bbox 412 719 474 751; x_wconf 84' lang='lat' dir='ltr'>antea</span> <span class='ocrx_word' id='word_1_92' title='bbox 486 712 512 749; x_wconf 87' lang='lat' dir='ltr'>de</span> <span class='ocrx_word' id='word_1_93' title='bbox 524 713 596 752; x_wconf 80' lang='lat' dir='ltr'>auibus</span> <span class='ocrx_word' id='word_1_94' title='bbox 610 712 675 750; x_wconf 88' lang='lat' dir='ltr'>modo</span> <span class='ocrx_word' id='word_1_95' title='bbox 691 712 771 749; x_wconf 87' lang='lat' dir='ltr'>dictum</span> 
     </span>
     <span class='ocr_line' id='line_1_13' title="bbox 54 764 770 814; baseline -0.006 -9"><span class='ocrx_word' id='word_1_96' title='bbox 54 768 129 812; x_wconf 74' lang='lat' dir='ltr'>fuerit⁷</span> <span class='ocrx_word' id='word_1_97' title='bbox 147 779 204 803; x_wconf 88' lang='lat' dir='ltr'>nunc</span> <span class='ocrx_word' id='word_1_98' title='bbox 220 775 271 801; x_wconf 85' lang='lat' dir='ltr'>vero</span> <span class='ocrx_word' id='word_1_99' title='bbox 286 765 337 811; x_wconf 83' lang='lat' dir='ltr'>„uel</span> <span class='ocrx_word' id='word_1_100' title='bbox 351 764 505 814; x_wconf 78' lang='lat' dir='ltr'>qiradrupedes‚</span> <span class='ocrx_word' id='word_1_101' title='bbox 529 764 620 802; x_wconf 86' lang='lat' dir='ltr'>maiores</span> <span class='ocrx_word' id='word_1_102' title='bbox 635 771 656 802; x_wconf 88' lang='lat' dir='ltr'>et</span> <span class='ocrx_word' id='word_1_103' title='bbox 671 764 770 802; x_wconf 83' lang='lat' dir='ltr'>fortiores</span> 
     </span>
     <span class='ocr_line' id='line_1_14' title="bbox 53 816 771 866; baseline -0.003 -9"><span class='ocrx_word' id='word_1_104' title='bbox 53 818 147 857; x_wconf 81' lang='lat' dir='ltr'>avibus“</span> <span class='ocrx_word' id='word_1_105' title='bbox 160 821 362 863; x_wconf 80' lang='lat' dir='ltr'>commemorentur,</span> <span class='ocrx_word' id='word_1_106' title='bbox 375 821 399 853; x_wconf 89' lang='lat' dir='ltr'>ut</span> <span class='ocrx_word' id='word_1_107' title='bbox 408 817 469 855; x_wconf 76' lang='lat' dir='ltr'>Wek.</span> <span class='ocrx_word' id='word_1_108' title='bbox 479 818 636 866; x_wconf 80' lang='lat' dir='ltr'>interpretatur,</span> <span class='ocrx_word' id='word_1_109' title='bbox 650 816 685 866; x_wconf 83' lang='lat' dir='ltr'>qui</span> <span class='ocrx_word' id='word_1_110' title='bbox 695 816 771 855; x_wconf 84' lang='lat' dir='ltr'>dehoc</span> 
     </span>
     <span class='ocr_line' id='line_1_15' title="bbox 31 866 769 921; baseline -0.004 -13"><span class='ocrx_word' id='word_1_111' title='bbox 31 888 34 895; x_wconf 68' lang='lat'>=</span> <span class='ocrx_word' id='word_1_112' title='bbox 54 871 124 921; x_wconf 77' lang='lat' dir='ltr'>Syriae</span> <span class='ocrx_word' id='word_1_113' title='bbox 133 869 182 907; x_wconf 90' lang='lat' dir='ltr'>loco</span> <span class='ocrx_word' id='word_1_114' title='bbox 197 866 290 906; x_wconf 82' lang='lat' dir='ltr'>conferri</span> <span class='ocrx_word' id='word_1_115' title='bbox 300 866 359 905; x_wconf 80' lang='lat' dir='ltr'>iubet</span> <span class='ocrx_word' id='word_1_116' title='bbox 374 868 477 908; x_wconf 77' lang='lat' dir='ltr'>Ammian.</span> <span class='ocrx_word' id='word_1_117' title='bbox 495 867 589 907; x_wconf 80' lang='lat' dir='ltr'>Marcell.</span> <span class='ocrx_word' id='word_1_118' title='bbox 601 869 682 919; x_wconf 78' lang='lat' dir='ltr'>XXIII,</span> <span class='ocrx_word' id='word_1_119' title='bbox 696 871 714 910; x_wconf 84' lang='lat'>6.</span> <span class='ocrx_word' id='word_1_120' title='bbox 727 868 769 907; x_wconf 85' lang='lat' dir='ltr'>ibi-</span> 
     </span>
     <span class='ocr_line' id='line_1_16' title="bbox 54 921 506 974; baseline -0.004 -14"><span class='ocrx_word' id='word_1_121' title='bbox 54 921 218 974; x_wconf 79' lang='lat' dir='ltr'>queLindenbr.</span> <span class='ocrx_word' id='word_1_122' title='bbox 258 960 261 966; x_wconf 37' lang='lat'><strong><em>¹</em></strong></span> <span class='ocrx_word' id='word_1_123' title='bbox 421 953 424 954; x_wconf 15' lang='grc' dir='ltr'><em>ν</em></span> <span class='ocrx_word' id='word_1_124' title='bbox 503 955 506 958; x_wconf 90' lang='grc'><strong><em>,</em></strong></span> 
     </span>
    </p>

    <p class='ocr_par' dir='ltr' id='par_1_4' title="bbox 51 971 770 1330">
     <span class='ocr_line' id='line_1_17' title="bbox 105 971 769 1027; baseline -0.009 -13"><span class='ocrx_word' id='word_1_125' title='bbox 105 975 150 1014; x_wconf 82' lang='lat'><strong>759.</strong></span> <span class='ocrx_word' id='word_1_126' title='bbox 176 977 221 1026; x_wconf 84' lang='lat' dir='ltr'>ipsu</span> <span class='ocrx_word' id='word_1_127' title='bbox 236 974 299 1025; x_wconf 80' lang='lat' dir='ltr'>vulgo</span> <span class='ocrx_word' id='word_1_128' title='bbox 315 974 436 1027; x_wconf 79' lang='lat' dir='ltr'>intelligunt</span> <span class='ocrx_word' id='word_1_129' title='bbox 451 972 476 1011; x_wconf 87' lang='lat' dir='ltr'>de</span> <span class='ocrx_word' id='word_1_130' title='bbox 489 973 653 1026; x_wconf 74' lang='lat' dir='ltr'>quadrupedibus</span> <span class='ocrx_word' id='word_1_131' title='bbox 663 978 725 1010; x_wconf 77' lang='lat' dir='ltr'>antea</span> <span class='ocrx_word' id='word_1_132' title='bbox 738 971 769 1009; x_wconf 88' lang='lat' dir='ltr'>di-</span> 
     </span>
     <span class='ocr_line' id='line_1_18' title="bbox 54 1023 770 1076; baseline -0.003 -13"><span class='ocrx_word' id='word_1_133' title='bbox 54 1025 103 1075; x_wconf 88' lang='lat' dir='ltr'>ctis,</span> <span class='ocrx_word' id='word_1_134' title='bbox 123 1037 191 1076; x_wconf 80' lang='lat' dir='ltr'>neque</span> <span class='ocrx_word' id='word_1_135' title='bbox 207 1023 268 1064; x_wconf 84' lang='lat' dir='ltr'>aliter</span> <span class='ocrx_word' id='word_1_136' title='bbox 276 1026 381 1065; x_wconf 85' lang='lat' dir='ltr'>Bentleius</span> <span class='ocrx_word' id='word_1_137' title='bbox 393 1025 470 1072; x_wconf 77' lang='lat' dir='ltr'>voluit3</span> <span class='ocrx_word' id='word_1_138' title='bbox 491 1025 569 1063; x_wconf 87' lang='lat' dir='ltr'>rectius</span> <span class='ocrx_word' id='word_1_139' title='bbox 581 1038 631 1063; x_wconf 86' lang='lat' dir='ltr'>vero</span> <span class='ocrx_word' id='word_1_140' title='bbox 643 1024 704 1063; x_wconf 41' lang='lat' dir='ltr'>Welre</span> <span class='ocrx_word' id='word_1_141' title='bbox 715 1038 770 1062; x_wconf 89' lang='lat' dir='ltr'>con—</span> 
     </span>
     <span class='ocr_line' id='line_1_19' title="bbox 52 1076 769 1130; baseline -0.003 -15"><span class='ocrx_word' id='word_1_142' title='bbox 52 1078 120 1128; x_wconf 84' lang='lat' dir='ltr'>iungit</span> <span class='ocrx_word' id='word_1_143' title='bbox 128 1088 205 1116; x_wconf 83' lang='lat' dir='ltr'>natura</span> <span class='ocrx_word' id='word_1_144' title='bbox 214 1079 270 1129; x_wconf 69' lang='lat' dir='ltr'>urso,</span> <span class='ocrx_word' id='word_1_145' title='bbox 285 1091 339 1129; x_wconf 78' lang='lat' dir='ltr'>quae</span> <span class='ocrx_word' id='word_1_146' title='bbox 351 1079 378 1116; x_wconf 91' lang='lat' dir='ltr'>sit</span> <span class='ocrx_word' id='word_1_147' title='bbox 391 1077 466 1130; x_wconf 75' lang='lat' dir='ltr'>„solus</span> <span class='ocrx_word' id='word_1_148' title='bbox 477 1076 555 1114; x_wconf 79' lang='lat' dir='ltr'>halitus</span> <span class='ocrx_word' id='word_1_149' title='bbox 565 1090 603 1126; x_wconf 89' lang='lat' dir='ltr'>per</span> <span class='ocrx_word' id='word_1_150' title='bbox 615 1090 647 1123; x_wconf 83' lang='lat' dir='ltr'>se,</span> <span class='ocrx_word' id='word_1_151' title='bbox 662 1076 720 1114; x_wconf 91' lang='lat' dir='ltr'>nullo</span> <span class='ocrx_word' id='word_1_152' title='bbox 732 1077 769 1114; x_wconf 90' lang='lat' dir='ltr'>ho-</span> 
     </span>
     <span class='ocr_line' id='line_1_20' title="bbox 51 1128 769 1182; baseline -0.003 -15"><span class='ocrx_word' id='word_1_153' title='bbox 51 1129 133 1177; x_wconf 87' lang='lat' dir='ltr'>minum</span> <span class='ocrx_word' id='word_1_154' title='bbox 143 1128 223 1166; x_wconf 83' lang='lat' dir='ltr'>interea</span> <span class='ocrx_word' id='word_1_155' title='bbox 234 1132 387 1181; x_wconf 57' lang='lat' dir='ltr'>percutienteff‘</span> <span class='ocrx_word' id='word_1_156' title='bbox 414 1129 448 1167; x_wconf 84' lang='lat' dir='ltr'>Sie</span> <span class='ocrx_word' id='word_1_157' title='bbox 457 1129 522 1180; x_wconf 80' lang='lat' dir='ltr'>igitur</span> <span class='ocrx_word' id='word_1_158' title='bbox 535 1132 674 1182; x_wconf 78' lang='lat' dir='ltr'>quadrupedes</span> <span class='ocrx_word' id='word_1_159' title='bbox 684 1141 726 1166; x_wconf 90' lang='lat' dir='ltr'>non</span> <span class='ocrx_word' id='word_1_160' title='bbox 738 1135 769 1166; x_wconf 86' lang='lat' dir='ltr'>est</span> 
     </span>
     <span class='ocr_line' id='line_1_21' title="bbox 52 1181 768 1231; baseline -0.001 -12"><span class='ocrx_word' id='word_1_161' title='bbox 52 1193 110 1219; x_wconf 81' lang='lat' dir='ltr'>cesus</span> <span class='ocrx_word' id='word_1_162' title='bbox 120 1186 201 1228; x_wconf 89' lang='lat' dir='ltr'>rectus,</span> <span class='ocrx_word' id='word_1_163' title='bbox 221 1194 271 1219; x_wconf 84' lang='lat' dir='ltr'>curn</span> <span class='ocrx_word' id='word_1_164' title='bbox 283 1185 391 1222; x_wconf 73' lang='lat' dir='ltr'>intulerint</span> <span class='ocrx_word' id='word_1_165' title='bbox 407 1181 569 1228; x_wconf 80' lang='lat' dir='ltr'>construendus,</span> <span class='ocrx_word' id='word_1_166' title='bbox 589 1181 625 1218; x_wconf 90' lang='lat' dir='ltr'>sed</span> <span class='ocrx_word' id='word_1_167' title='bbox 637 1187 722 1231; x_wconf 80' lang='lat' dir='ltr'>quartus</span> <span class='ocrx_word' id='word_1_168' title='bbox 735 1193 768 1218; x_wconf 88' lang='lat' dir='ltr'>ca-</span> 
     </span>
     <span class='ocr_line' id='line_1_22' title="bbox 51 1233 768 1284; baseline 0 -14"><span class='ocrx_word' id='word_1_169' title='bbox 51 1245 96 1278; x_wconf 82' lang='lat' dir='ltr'>sus,</span> <span class='ocrx_word' id='word_1_170' title='bbox 114 1245 126 1270; x_wconf 82' lang='lat' dir='ltr'>a</span> <span class='ocrx_word' id='word_1_171' title='bbox 142 1243 203 1283; x_wconf 77' lang='lat' dir='ltr'>coget</span> <span class='ocrx_word' id='word_1_172' title='bbox 218 1233 317 1282; x_wconf 86' lang='lat' dir='ltr'>pendens.</span> <span class='ocrx_word' id='word_1_173' title='bbox 330 1256 357 1263; x_wconf 92' lang='lat'><em>-</em></span> <span class='ocrx_word' id='word_1_174' title='bbox 371 1236 468 1274; x_wconf 67' lang='lat' dir='ltr'>Graviter</span> <span class='ocrx_word' id='word_1_175' title='bbox 481 1235 585 1273; x_wconf 81' lang='lat' dir='ltr'>concidere</span> <span class='ocrx_word' id='word_1_176' title='bbox 596 1233 658 1271; x_wconf 82' lang='lat' dir='ltr'>etiem</span> <span class='ocrx_word' id='word_1_177' title='bbox 671 1233 768 1284; x_wconf 82' lang='lat' dir='ltr'>Virgilius</span> 
     </span>
     <span class='ocr_line' id='line_1_23' title="bbox 52 1283 272 1330; baseline 0.018 -8"><span class='ocrx_word' id='word_1_178' title='bbox 52 1284 102 1322; x_wconf 79' lang='lat' dir='ltr'>dixit</span> <span class='ocrx_word' id='word_1_179' title='bbox 111 1286 160 1322; x_wconf 89' lang='lat' dir='ltr'>Aen.</span> <span class='ocrx_word' id='word_1_180' title='bbox 170 1286 194 1330; x_wconf 74' lang='lat' dir='ltr'>V,</span> <span class='ocrx_word' id='word_1_181' title='bbox 206 1283 246 1325; x_wconf 75' lang='lat'>447</span> <span class='ocrx_word' id='word_1_182' title='bbox 257 1298 272 1326; x_wconf 93' lang='lat' dir='ltr'>s.</span> 
     </span>
    </p>

    <p class='ocr_par' dir='ltr' id='par_1_5' title="bbox 26 1333 767 1490">
     <span class='ocr_line' id='line_1_24' title="bbox 26 1333 767 1387; baseline -0.001 -11"><span class='ocrx_word' id='word_1_183' title='bbox 26 1336 28 1343; x_wconf 58' lang='lat'><strong><em>⁴</em></strong></span> <span class='ocrx_word' id='word_1_184' title='bbox 102 1337 147 1376; x_wconf 73' lang='lat'>762.</span> <span class='ocrx_word' id='word_1_185' title='bbox 166 1336 195 1387; x_wconf 66' lang='lat' dir='ltr'>xe]</span> <span class='ocrx_word' id='word_1_186' title='bbox 211 1338 273 1376; x_wconf 88' lang='lat' dir='ltr'>Poor.</span> <span class='ocrx_word' id='word_1_187' title='bbox 285 1337 335 1377; x_wconf 86' lang='lat' dir='ltr'>Brit.</span> <span class='ocrx_word' id='word_1_188' title='bbox 347 1337 365 1376; x_wconf 80' lang='lat'>1.</span> <span class='ocrx_word' id='word_1_189' title='bbox 376 1339 438 1384; x_wconf 56' lang='lat' dir='ltr'>daem</span> <span class='ocrx_word' id='word_1_190' title='bbox 456 1348 522 1386; x_wconf 79' lang='lat' dir='ltr'>qnare</span> <span class='ocrx_word' id='word_1_191' title='bbox 532 1333 593 1374; x_wconf 77' lang='lat' dir='ltr'>Wek.</span> <span class='ocrx_word' id='word_1_192' title='bbox 609 1336 767 1386; x_wconf 68' lang='lat' dir='ltr'>&#39;sus&#39;pieeitureu¹</span> 
     </span>
     <span class='ocr_line' id='line_1_25' title="bbox 51 1387 767 1439; baseline -0.001 -13"><span class='ocrx_word' id='word_1_193' title='bbox 51 1408 76 1415; x_wconf 86' lang='lat'>-</span> <span class='ocrx_word' id='word_1_194' title='bbox 84 1389 142 1437; x_wconf 79' lang='lat' dir='ltr'>fiunt</span> <span class='ocrx_word' id='word_1_195' title='bbox 153 1390 234 1438; x_wconf 73' lang='lat' dir='ltr'>causis]</span> <span class='ocrx_word' id='word_1_196' title='bbox 253 1388 356 1431; x_wconf 61' lang='lat' dir='ltr'>sieitfak„</span> <span class='ocrx_word' id='word_1_197' title='bbox 367 1395 415 1427; x_wconf 86' lang='lat' dir='ltr'>curn</span> <span class='ocrx_word' id='word_1_198' title='bbox 428 1387 523 1439; x_wconf 85' lang='lat' dir='ltr'>plurimis</span> <span class='ocrx_word' id='word_1_199' title='bbox 535 1387 604 1436; x_wconf 78' lang='lat' dir='ltr'>libris3</span> <span class='ocrx_word' id='word_1_200' title='bbox 625 1388 687 1439; x_wconf 80' lang='lat' dir='ltr'>vulgo</span> <span class='ocrx_word' id='word_1_201' title='bbox 700 1391 767 1428; x_wconf 70' lang='lat' dir='ltr'>cauom</span> 
     </span>
     <span class='ocr_line' id='line_1_26' title="bbox 48 1439 494 1490; baseline 0.004 -13"><span class='ocrx_word' id='word_1_202' title='bbox 48 1440 109 1490; x_wconf 80' lang='lat' dir='ltr'>fiunt,</span> <span class='ocrx_word' id='word_1_203' title='bbox 122 1439 179 1476; x_wconf 91' lang='lat' dir='ltr'>utin</span> <span class='ocrx_word' id='word_1_204' title='bbox 192 1440 250 1481; x_wconf 79' lang='lat' dir='ltr'>Cant.</span> <span class='ocrx_word' id='word_1_205' title='bbox 261 1440 307 1481; x_wconf 80' lang='lat' dir='ltr'>A-ld.</span> <span class='ocrx_word' id='word_1_206' title='bbox 319 1443 337 1480; x_wconf 85' lang='lat'>1.</span> <span class='ocrx_word' id='word_1_207' title='bbox 347 1443 366 1481; x_wconf 71' lang='grc'>2.</span> <span class='ocrx_word' id='word_1_208' title='bbox 377 1443 426 1479; x_wconf 76' lang='lat' dir='ltr'>Bon,</span> <span class='ocrx_word' id='word_1_209' title='bbox 439 1441 494 1479; x_wconf 83' lang='lat' dir='ltr'>lunt.</span> 
     </span>
    </p>

    <p class='ocr_par' dir='ltr' id='par_1_6' title="bbox 46 1489 799 2306">
     <span class='ocr_line' id='line_1_27' title="bbox 102 1489 766 1544; baseline -0.003 -14"><span class='ocrx_word' id='word_1_210' title='bbox 102 1491 147 1530; x_wconf 77' lang='lat'><strong>753.</strong></span> <span class='ocrx_word' id='word_1_211' title='bbox 170 1494 241 1544; x_wconf 77' lang='lat' dir='ltr'>posita</span> <span class='ocrx_word' id='word_1_212' title='bbox 257 1495 290 1531; x_wconf 82' lang='lat' dir='ltr'>luis</span> <span class='ocrx_word' id='word_1_213' title='bbox 301 1493 348 1540; x_wconf 81' lang='lat' dir='ltr'>(vel</span> <span class='ocrx_word' id='word_1_214' title='bbox 359 1493 397 1540; x_wconf 80' lang='lat' dir='ltr'>iis]</span> <span class='ocrx_word' id='word_1_215' title='bbox 410 1492 467 1542; x_wconf 83' lang='lat' dir='ltr'>Orci]</span> <span class='ocrx_word' id='word_1_216' title='bbox 487 1490 541 1539; x_wconf 80' lang='lat' dir='ltr'>„Sic</span> <span class='ocrx_word' id='word_1_217' title='bbox 555 1489 651 1541; x_wconf 81' lang='lat' dir='ltr'>videmur</span> <span class='ocrx_word' id='word_1_218' title='bbox 665 1490 721 1528; x_wconf 80' lang='lat' dir='ltr'>haud</span> <span class='ocrx_word' id='word_1_219' title='bbox 734 1491 766 1529; x_wconf 92' lang='lat' dir='ltr'>in-</span> 
     </span>
     <span class='ocr_line' id='line_1_28' title="bbox 49 1540 767 1595; baseline 0.004 -18"><span class='ocrx_word' id='word_1_220' title='bbox 49 1540 140 1578; x_wconf 82' lang='lat' dir='ltr'>feliciter</span> <span class='ocrx_word' id='word_1_221' title='bbox 150 1543 263 1581; x_wconf 81' lang='lat' dir='ltr'>restituisse</span> <span class='ocrx_word' id='word_1_222' title='bbox 272 1544 345 1581; x_wconf 89' lang='lat' dir='ltr'>locum</span> <span class='ocrx_word' id='word_1_223' title='bbox 355 1556 380 1582; x_wconf 82' lang='lat' dir='ltr'>ex</span> <span class='ocrx_word' id='word_1_224' title='bbox 388 1540 483 1595; x_wconf 80' lang='lat' dir='ltr'>ingenio:</span> <span class='ocrx_word' id='word_1_225' title='bbox 498 1555 548 1579; x_wconf 81' lang='lat' dir='ltr'>nem</span> <span class='ocrx_word' id='word_1_226' title='bbox 561 1546 579 1581; x_wconf 77' lang='lat' dir='ltr'>is</span> <span class='ocrx_word' id='word_1_227' title='bbox 591 1549 612 1580; x_wconf 86' lang='lat' dir='ltr'>et</span> <span class='ocrx_word' id='word_1_228' title='bbox 623 1545 654 1582; x_wconf 75' lang='lat' dir='ltr'>liis</span> <span class='ocrx_word' id='word_1_229' title='bbox 665 1542 767 1580; x_wconf 82' lang='lat' dir='ltr'>conlundi</span> 
     </span>
     <span class='ocr_line' id='line_1_29' title="bbox 50 1589 767 1647; baseline 0.001 -17"><span class='ocrx_word' id='word_1_230' title='bbox 50 1592 128 1641; x_wconf 88' lang='lat' dir='ltr'>solent,</span> <span class='ocrx_word' id='word_1_231' title='bbox 141 1599 164 1630; x_wconf 90' lang='lat' dir='ltr'>et</span> <span class='ocrx_word' id='word_1_232' title='bbox 173 1593 244 1633; x_wconf 78' lang='lat' dir='ltr'>stetim</span> <span class='ocrx_word' id='word_1_233' title='bbox 257 1589 374 1647; x_wconf 80' lang='lat' dir='ltr'>intelliges,</span> <span class='ocrx_word' id='word_1_234' title='bbox 389 1608 453 1646; x_wconf 82' lang='lat' dir='ltr'>quam</span> <span class='ocrx_word' id='word_1_235' title='bbox 468 1594 578 1645; x_wconf 78' lang='lat' dir='ltr'>probabile</span> <span class='ocrx_word' id='word_1_236' title='bbox 589 1589 723 1647; x_wconf 44' lang='lat' dir='ltr'>sitsposruis,</span> <span class='ocrx_word' id='word_1_237' title='bbox 732 1594 767 1632; x_wconf 89' lang='lat' dir='ltr'>vel</span> 
     </span>
     <span class='ocr_line' id='line_1_30' title="bbox 46 1644 765 1697; baseline 0 -14"><span class='ocrx_word' id='word_1_238' title='bbox 46 1649 148 1696; x_wconf 70' lang='lat' dir='ltr'>pascuiis,</span> <span class='ocrx_word' id='word_1_239' title='bbox 161 1644 182 1681; x_wconf 91' lang='lat' dir='ltr'>in</span> <span class='ocrx_word' id='word_1_240' title='bbox 194 1647 324 1697; x_wconf 79' lang='lat' dir='ltr'>corruptelas</span> <span class='ocrx_word' id='word_1_241' title='bbox 334 1648 505 1685; x_wconf 76' lang='lat' dir='ltr'>membranarum</span> <span class='ocrx_word' id='word_1_242' title='bbox 517 1659 561 1684; x_wconf 91' lang='lat' dir='ltr'>esse</span> <span class='ocrx_word' id='word_1_243' title='bbox 573 1646 676 1687; x_wconf 79' lang='lat' dir='ltr'>abitura.“</span> <span class='ocrx_word' id='word_1_244' title='bbox 695 1650 727 1686; x_wconf 89' lang='lat' dir='ltr'><em>W</em></span> <span class='ocrx_word' id='word_1_245' title='bbox 729 1649 765 1686; x_wconf 77' lang='lat' dir='ltr'>uk.</span> 
     </span>
     <span class='ocr_line' id='line_1_31' title="bbox 49 1695 766 1752; baseline 0.006 -20"><span class='ocrx_word' id='word_1_246' title='bbox 49 1695 96 1732; x_wconf 87' lang='lat' dir='ltr'>Ald.</span> <span class='ocrx_word' id='word_1_247' title='bbox 107 1698 124 1735; x_wconf 82' lang='lat'>1.</span> <span class='ocrx_word' id='word_1_248' title='bbox 138 1695 238 1735; x_wconf 88' lang='lat' dir='ltr'>nimirum</span> <span class='ocrx_word' id='word_1_249' title='bbox 251 1705 272 1736; x_wconf 89' lang='lat' dir='ltr'>et</span> <span class='ocrx_word' id='word_1_250' title='bbox 282 1701 332 1737; x_wconf 83' lang='lat' dir='ltr'>Bon.</span> <span class='ocrx_word' id='word_1_251' title='bbox 340 1703 409 1752; x_wconf 76' lang='lat' dir='ltr'>portis</span> <span class='ocrx_word' id='word_1_252' title='bbox 420 1703 467 1738; x_wconf 85' lang='lat' dir='ltr'>Orei</span> <span class='ocrx_word' id='word_1_253' title='bbox 483 1710 504 1737; x_wconf 80' lang='lat' dir='ltr'>et</span> <span class='ocrx_word' id='word_1_254' title='bbox 517 1701 572 1747; x_wconf 87' lang='lat' dir='ltr'>(non</span> <span class='ocrx_word' id='word_1_255' title='bbox 579 1702 660 1752; x_wconf 73' lang='lat' dir='ltr'>portis,</span> <span class='ocrx_word' id='word_1_256' title='bbox 674 1705 698 1735; x_wconf 90' lang='lat' dir='ltr'>ut</span> <span class='ocrx_word' id='word_1_257' title='bbox 710 1698 766 1748; x_wconf 76' lang='lat' dir='ltr'>apud</span> 
     </span>
     <span class='ocr_line' id='line_1_32' title="bbox 49 1746 766 1801; baseline 0.006 -17"><span class='ocrx_word' id='word_1_258' title='bbox 49 1746 110 1785; x_wconf 74' lang='lat' dir='ltr'>irak.</span> <span class='ocrx_word' id='word_1_259' title='bbox 120 1746 220 1798; x_wconf 84' lang='lat' dir='ltr'>legitur),</span> <span class='ocrx_word' id='word_1_260' title='bbox 234 1750 301 1801; x_wconf 83' lang='lat' dir='ltr'>Lugd.</span> <span class='ocrx_word' id='word_1_261' title='bbox 314 1753 331 1790; x_wconf 85' lang='lat'>1.</span> <span class='ocrx_word' id='word_1_262' title='bbox 344 1751 402 1790; x_wconf 88' lang='lat' dir='ltr'>Bodl.</span> <span class='ocrx_word' id='word_1_263' title='bbox 415 1750 476 1789; x_wconf 78' lang='lat' dir='ltr'>vind.</span> <span class='ocrx_word' id='word_1_264' title='bbox 491 1751 544 1788; x_wconf 84' lang='lat' dir='ltr'>Brit.</span> <span class='ocrx_word' id='word_1_265' title='bbox 553 1751 573 1789; x_wconf 82' lang='lat'>3.</span> <span class='ocrx_word' id='word_1_266' title='bbox 586 1750 639 1788; x_wconf 82' lang='lat' dir='ltr'>Brir.</span> <span class='ocrx_word' id='word_1_267' title='bbox 651 1751 700 1790; x_wconf 82' lang='lat' dir='ltr'>Ver.</span> <span class='ocrx_word' id='word_1_268' title='bbox 715 1753 766 1788; x_wconf 85' lang='lat' dir='ltr'>Ven.</span> 
     </span>
     <span class='ocr_line' id='line_1_33' title="bbox 47 1801 765 1854; baseline 0.004 -18"><span class='ocrx_word' id='word_1_269' title='bbox 47 1801 102 1849; x_wconf 76' lang='lat' dir='ltr'>poris</span> <span class='ocrx_word' id='word_1_270' title='bbox 112 1802 168 1846; x_wconf 83' lang='lat' dir='ltr'>Orci,</span> <span class='ocrx_word' id='word_1_271' title='bbox 187 1802 281 1852; x_wconf 76' lang='lat' dir='ltr'>Lugdu.</span> <span class='ocrx_word' id='word_1_272' title='bbox 293 1802 370 1853; x_wconf 75' lang='lat' dir='ltr'>fragm,</span> <span class='ocrx_word' id='word_1_273' title='bbox 382 1802 443 1841; x_wconf 86' lang='lat' dir='ltr'>Vind.</span> <span class='ocrx_word' id='word_1_274' title='bbox 455 1806 522 1854; x_wconf 80' lang='lat' dir='ltr'>puteis</span> <span class='ocrx_word' id='word_1_275' title='bbox 534 1805 593 1849; x_wconf 77' lang='lat' dir='ltr'>Orci,</span> <span class='ocrx_word' id='word_1_276' title='bbox 610 1803 671 1842; x_wconf 86' lang='lat' dir='ltr'>Poor.</span> <span class='ocrx_word' id='word_1_277' title='bbox 684 1803 733 1842; x_wconf 87' lang='lat' dir='ltr'>Brit.</span> <span class='ocrx_word' id='word_1_278' title='bbox 746 1804 765 1841; x_wconf 85' lang='lat'>1.</span> 
     </span>
     <span class='ocr_line' id='line_1_34' title="bbox 50 1851 766 1906; baseline 0.007 -20"><span class='ocrx_word' id='word_1_279' title='bbox 50 1851 172 1893; x_wconf 69' lang='lat' dir='ltr'>nauriunt.</span> <span class='ocrx_word' id='word_1_280' title='bbox 184 1852 257 1893; x_wconf 65' lang='lat' dir='ltr'>Aldu.</span> <span class='ocrx_word' id='word_1_281' title='bbox 272 1858 342 1906; x_wconf 81' lang='lat' dir='ltr'>potius</span> <span class='ocrx_word' id='word_1_282' title='bbox 353 1858 405 1896; x_wconf 34' lang='lat' dir='ltr'>Orci*</span> <span class='ocrx_word' id='word_1_283' title='bbox 433 1854 501 1904; x_wconf 77' lang='lat' dir='ltr'>Vulgo</span> <span class='ocrx_word' id='word_1_284' title='bbox 517 1853 585 1891; x_wconf 78' lang='lat' dir='ltr'>editur</span> <span class='ocrx_word' id='word_1_285' title='bbox 595 1856 627 1893; x_wconf 76' lang='lat' dir='ltr'>liis</span> <span class='ocrx_word' id='word_1_286' title='bbox 640 1857 766 1905; x_wconf 76' lang='lat' dir='ltr'>Orci&#39;potius</span> 
     </span>
     <span class='ocr_line' id='line_1_35' title="bbox 50 1902 782 1958; baseline 0.004 -19"><span class='ocrx_word' id='word_1_287' title='bbox 50 1916 67 1958; x_wconf 67' lang='grc' dir='ltr'>ζ.</span> <span class='ocrx_word' id='word_1_288' title='bbox 78 1917 95 1939; x_wconf 89' lang='lat' dir='ltr'>e.</span> <span class='ocrx_word' id='word_1_289' title='bbox 108 1907 128 1940; x_wconf 82' lang='lat'>0.</span> <span class='ocrx_word' id='word_1_290' title='bbox 135 1902 209 1955; x_wconf 76' lang='lat' dir='ltr'>pdetu,</span> <span class='ocrx_word' id='word_1_291' title='bbox 223 1907 271 1943; x_wconf 86' lang='lat' dir='ltr'>lriue</span> <span class='ocrx_word' id='word_1_292' title='bbox 284 1911 335 1953; x_wconf 71' lang='lat' dir='ltr'>eto,</span> <span class='ocrx_word' id='word_1_293' title='bbox 356 1906 393 1943; x_wconf 85' lang='lat' dir='ltr'>sed</span> <span class='ocrx_word' id='word_1_294' title='bbox 407 1905 450 1943; x_wconf 89' lang='lat' dir='ltr'>sine</span> <span class='ocrx_word' id='word_1_295' title='bbox 467 1905 537 1950; x_wconf 80' lang='lat' dir='ltr'>libris3</span> <span class='ocrx_word' id='word_1_296' title='bbox 556 1905 680 1956; x_wconf 74' lang='lat' dir='ltr'>‚‚quamvis,</span> <span class='ocrx_word' id='word_1_297' title='bbox 702 1904 782 1946; x_wconf 58' lang='lat' dir='ltr'>Wnlr„</span> 
     </span>
     <span class='ocr_line' id='line_1_36' title="bbox 48 1952 764 2008; baseline 0.01 -20"><span class='ocrx_word' id='word_1_298' title='bbox 48 1952 127 2002; x_wconf 80' lang='lat' dir='ltr'>inquit,</span> <span class='ocrx_word' id='word_1_299' title='bbox 141 1954 268 1994; x_wconf 79' lang='lat' dir='ltr'>odiosissime</span> <span class='ocrx_word' id='word_1_300' title='bbox 278 1956 336 1994; x_wconf 87' lang='lat' dir='ltr'>istius</span> <span class='ocrx_word' id='word_1_301' title='bbox 344 1957 434 1994; x_wconf 76' lang='lat' dir='ltr'>hominis</span> <span class='ocrx_word' id='word_1_302' title='bbox 446 1956 587 2008; x_wconf 75' lang='lat' dir='ltr'>negligentia,</span> <span class='ocrx_word' id='word_1_303' title='bbox 601 1955 634 2007; x_wconf 81' lang='lat' dir='ltr'>qni</span> <span class='ocrx_word' id='word_1_304' title='bbox 644 1957 764 1995; x_wconf 82' lang='lat' dir='ltr'>testimonia</span> 
     </span>
     <span class='ocr_line' id='line_1_37' title="bbox 50 2004 763 2060; baseline 0.011 -22"><span class='ocrx_word' id='word_1_305' title='bbox 50 2004 112 2045; x_wconf 81' lang='lat' dir='ltr'>Godel.</span> <span class='ocrx_word' id='word_1_306' title='bbox 123 2004 197 2051; x_wconf 74' lang='lat' dir='ltr'>vinctu,</span> <span class='ocrx_word' id='word_1_307' title='bbox 208 2008 346 2056; x_wconf 80' lang='lat' dir='ltr'>renunciavit,</span> <span class='ocrx_word' id='word_1_308' title='bbox 358 2008 411 2046; x_wconf 87' lang='lat' dir='ltr'>illud</span> <span class='ocrx_word' id='word_1_309' title='bbox 419 2008 481 2060; x_wconf 79' lang='lat' dir='ltr'>pdstn</span> <span class='ocrx_word' id='word_1_310' title='bbox 492 2009 546 2046; x_wconf 87' lang='lat' dir='ltr'>miro</span> <span class='ocrx_word' id='word_1_311' title='bbox 557 2021 606 2046; x_wconf 89' lang='lat' dir='ltr'>cum</span> <span class='ocrx_word' id='word_1_312' title='bbox 615 2015 700 2059; x_wconf 86' lang='lat' dir='ltr'>stupore</span> <span class='ocrx_word' id='word_1_313' title='bbox 712 2008 763 2055; x_wconf 89' lang='lat' dir='ltr'>(scio</span> 
     </span>
     <span class='ocr_line' id='line_1_38' title="bbox 50 2054 761 2111; baseline 0.011 -21"><span class='ocrx_word' id='word_1_314' title='bbox 50 2054 104 2104; x_wconf 83' lang='lat' dir='ltr'>quod</span> <span class='ocrx_word' id='word_1_315' title='bbox 117 2055 199 2105; x_wconf 82' lang='lat' dir='ltr'>dicam)</span> <span class='ocrx_word' id='word_1_316' title='bbox 215 2059 386 2111; x_wconf 75' lang='lat' dir='ltr'>propagaverit.“</span> <span class='ocrx_word' id='word_1_317' title='bbox 412 2065 476 2100; x_wconf 80' lang='lat' dir='ltr'>Postu</span> <span class='ocrx_word' id='word_1_318' title='bbox 492 2060 546 2097; x_wconf 89' lang='lat' dir='ltr'>enim</span> <span class='ocrx_word' id='word_1_319' title='bbox 563 2073 606 2097; x_wconf 91' lang='lat' dir='ltr'>non</span> <span class='ocrx_word' id='word_1_320' title='bbox 621 2060 659 2097; x_wconf 85' lang='lat' dir='ltr'>nisi</span> <span class='ocrx_word' id='word_1_321' title='bbox 673 2061 695 2097; x_wconf 88' lang='lat' dir='ltr'>in</span> <span class='ocrx_word' id='word_1_322' title='bbox 707 2062 761 2098; x_wconf 84' lang='lat' dir='ltr'>lunt.</span> 
     </span>
     <span class='ocr_line' id='line_1_39' title="bbox 48 2111 762 2159; baseline 0.011 -18"><span class='ocrx_word' id='word_1_323' title='bbox 48 2114 140 2157; x_wconf 79' lang='lat' dir='ltr'>apparet,</span> <span class='ocrx_word' id='word_1_324' title='bbox 155 2122 165 2146; x_wconf 96' lang='lat' dir='ltr'>e</span> <span class='ocrx_word' id='word_1_325' title='bbox 176 2111 258 2148; x_wconf 72' lang='lat' dir='ltr'>Marulli</span> <span class='ocrx_word' id='word_1_326' title='bbox 269 2112 397 2152; x_wconf 75' lang='lat' dir='ltr'>coniectura.</span> <span class='ocrx_word' id='word_1_327' title='bbox 422 2112 536 2150; x_wconf 84' lang='lat' dir='ltr'>Librorum</span> <span class='ocrx_word' id='word_1_328' title='bbox 545 2112 664 2159; x_wconf 85' lang='lat' dir='ltr'>lectionem,</span> <span class='ocrx_word' id='word_1_329' title='bbox 675 2125 686 2149; x_wconf 81' lang='lat' dir='ltr'>a</span> <span class='ocrx_word' id='word_1_330' title='bbox 698 2121 720 2150; x_wconf 84' lang='lat' dir='ltr'>se</span> <span class='ocrx_word' id='word_1_331' title='bbox 725 2124 762 2149; x_wconf 84' lang='lat' dir='ltr'>-re-</span> 
     </span>
     <span class='ocr_line' id='line_1_40' title="bbox 48 2156 761 2217; baseline 0.014 -26"><span class='ocrx_word' id='word_1_332' title='bbox 48 2156 150 2207; x_wconf 80' lang='lat' dir='ltr'>stituta&#39;m‚</span> <span class='ocrx_word' id='word_1_333' title='bbox 162 2161 222 2202; x_wconf 60' lang='lat' dir='ltr'>lisele.</span> <span class='ocrx_word' id='word_1_334' title='bbox 236 2163 266 2200; x_wconf 91' lang='lat' dir='ltr'>sic</span> <span class='ocrx_word' id='word_1_335' title='bbox 278 2163 379 2214; x_wconf 79' lang='lat' dir='ltr'>explicat:</span> <span class='ocrx_word' id='word_1_336' title='bbox 401 2175 446 2213; x_wconf 85' lang='lat' dir='ltr'>„ne</span> <span class='ocrx_word' id='word_1_337' title='bbox 459 2163 640 2217; x_wconf 25' lang='lat' dir='ltr'>primunt-credas,</span> <span class='ocrx_word' id='word_1_338' title='bbox 654 2164 689 2202; x_wconf 91' lang='lat' dir='ltr'>hic</span> <span class='ocrx_word' id='word_1_339' title='bbox 699 2163 761 2202; x_wconf 84' lang='lat' dir='ltr'>situm</span> 
     </span>
     <span class='ocr_line' id='line_1_41' title="bbox 48 2213 799 2266; baseline 0.013 -23"><span class='ocrx_word' id='word_1_340' title='bbox 48 2219 90 2246; x_wconf 86' lang='lat' dir='ltr'>esse</span> <span class='ocrx_word' id='word_1_341' title='bbox 105 2213 191 2259; x_wconf 85' lang='lat' dir='ltr'>0rcum;</span> <span class='ocrx_word' id='word_1_342' title='bbox 214 2217 297 2262; x_wconf 83' lang='lat' dir='ltr'>deinde,</span> <span class='ocrx_word' id='word_1_343' title='bbox 318 2227 383 2266; x_wconf 75' lang='lat' dir='ltr'>quum</span> <span class='ocrx_word' id='word_1_344' title='bbox 399 2228 459 2254; x_wconf 88' lang='lat' dir='ltr'>error</span> <span class='ocrx_word' id='word_1_345' title='bbox 474 2216 543 2266; x_wconf 80' lang='lat' dir='ltr'>pariat</span> <span class='ocrx_word' id='word_1_346' title='bbox 558 2227 662 2264; x_wconf 85' lang='lat' dir='ltr'>errorem,</span> <span class='ocrx_word' id='word_1_347' title='bbox 683 2217 761 2254; x_wconf 82' lang='lat' dir='ltr'>animas</span> <span class='ocrx_word' id='word_1_348' title='bbox 796 2223 799 2227; x_wconf 77' lang='grc'><strong>“</strong></span> 
     </span>
     <span class='ocr_line' id='line_1_42' title="bbox 47 2265 602 2306; baseline 0.018 -11"><span class='ocrx_word' id='word_1_349' title='bbox 47 2265 176 2301; x_wconf 86' lang='lat' dir='ltr'>mortuorum</span> <span class='ocrx_word' id='word_1_350' title='bbox 187 2268 235 2304; x_wconf 79' lang='lat' dir='ltr'>dinc</span> <span class='ocrx_word' id='word_1_351' title='bbox 246 2266 332 2306; x_wconf 81' lang='lat' dir='ltr'>exciri.¹‘</span> <span class='ocrx_word' id='word_1_352' title='bbox 600 2299 602 2305; x_wconf 22' lang='grc' dir='ltr'><strong>Α</strong></span> 
     </span>
    </p>

    <p class='ocr_par' dir='ltr' id='par_1_7' title="bbox 46 2314 787 2519">
     <span class='ocr_line' id='line_1_43' title="bbox 97 2314 787 2367; baseline 0.006 -15"><span class='ocrx_word' id='word_1_353' title='bbox 97 2314 141 2353; x_wconf 84' lang='grc'><strong>765.</strong></span> <span class='ocrx_word' id='word_1_354' title='bbox 168 2318 260 2367; x_wconf 83' lang='lat' dir='ltr'>Muneis]</span> <span class='ocrx_word' id='word_1_355' title='bbox 280 2318 329 2356; x_wconf 80' lang='lat' dir='ltr'>urit.</span> <span class='ocrx_word' id='word_1_356' title='bbox 341 2320 360 2358; x_wconf 83' lang='lat'>3.</span> <span class='ocrx_word' id='word_1_357' title='bbox 375 2318 428 2356; x_wconf 82' lang='lat' dir='ltr'>Brix.</span> <span class='ocrx_word' id='word_1_358' title='bbox 441 2320 521 2366; x_wconf 82' lang='lat' dir='ltr'>inanis,</span> <span class='ocrx_word' id='word_1_359' title='bbox 541 2321 598 2358; x_wconf 76' lang='lat' dir='ltr'>Cant.</span> <span class='ocrx_word' id='word_1_360' title='bbox 613 2318 724 2357; x_wconf 81' lang='lat' dir='ltr'>VenVen.</span> <span class='ocrx_word' id='word_1_361' title='bbox 737 2321 759 2356; x_wconf 82' lang='lat' dir='ltr'>in</span> <span class='ocrx_word' id='word_1_362' title='bbox 784 2337 787 2339; x_wconf 55' lang='lat'>&gt;</span> 
     </span>
     <span class='ocr_line' id='line_1_44' title="bbox 48 2364 757 2421; baseline 0.014 -23"><span class='ocrx_word' id='word_1_363' title='bbox 48 2364 103 2410; x_wconf 80' lang='lat' dir='ltr'>uuis,</span> <span class='ocrx_word' id='word_1_364' title='bbox 128 2364 202 2406; x_wconf 86' lang='lat' dir='ltr'>iisdem</span> <span class='ocrx_word' id='word_1_365' title='bbox 217 2369 327 2408; x_wconf 77' lang='lat' dir='ltr'>literarum</span> <span class='ocrx_word' id='word_1_366' title='bbox 343 2370 446 2409; x_wconf 88' lang='lat' dir='ltr'>ductibus.</span> <span class='ocrx_word' id='word_1_367' title='bbox 466 2371 606 2421; x_wconf 63' lang='lat' dir='ltr'>—,inserue]</span> <span class='ocrx_word' id='word_1_368' title='bbox 627 2368 682 2406; x_wconf 71' lang='lat' dir='ltr'>Bodl.</span> <span class='ocrx_word' id='word_1_369' title='bbox 697 2369 757 2408; x_wconf 82' lang='lat' dir='ltr'>Vind.</span> 
     </span>
     <span class='ocr_line' id='line_1_45' title="bbox 46 2411 776 2469; baseline 0.004 -13"><span class='ocrx_word' id='word_1_370' title='bbox 46 2411 122 2464; x_wconf 61' lang='lat' dir='ltr'>fragm·</span> <span class='ocrx_word' id='word_1_371' title='bbox 133 2418 194 2457; x_wconf 86' lang='lat' dir='ltr'>Vind.</span> <span class='ocrx_word' id='word_1_372' title='bbox 208 2422 268 2459; x_wconf 87' lang='lat' dir='ltr'>Poor.</span> <span class='ocrx_word' id='word_1_373' title='bbox 279 2423 330 2460; x_wconf 87' lang='lat' dir='ltr'>Brit.</span> <span class='ocrx_word' id='word_1_374' title='bbox 342 2425 361 2461; x_wconf 78' lang='lat'>3.</span> <span class='ocrx_word' id='word_1_375' title='bbox 375 2426 431 2461; x_wconf 86' lang='lat' dir='ltr'>Cant.</span> <span class='ocrx_word' id='word_1_376' title='bbox 446 2429 467 2460; x_wconf 89' lang='lat' dir='ltr'>et</span> <span class='ocrx_word' id='word_1_377' title='bbox 478 2434 549 2459; x_wconf 85' lang='lat' dir='ltr'>omnes</span> <span class='ocrx_word' id='word_1_378' title='bbox 565 2423 621 2460; x_wconf 79' lang='lat' dir='ltr'>editt.</span> <span class='ocrx_word' id='word_1_379' title='bbox 633 2426 681 2458; x_wconf 86' lang='lat' dir='ltr'>vett.</span> <span class='ocrx_word' id='word_1_380' title='bbox 693 2420 757 2469; x_wconf 83' lang='lat' dir='ltr'>inser·</span> <span class='ocrx_word' id='word_1_381' title='bbox 772 2455 776 2459; x_wconf 36' lang='lat' dir='ltr'><em>f</em></span> 
     </span>
     <span class='ocr_line' id='line_1_46' title="bbox 47 2468 758 2519; baseline -0.004 -7"><span class='ocrx_word' id='word_1_382' title='bbox 47 2478 82 2512; x_wconf 66' lang='lat' dir='ltr'>Mi</span> <span class='ocrx_word' id='word_1_383' title='bbox 99 2468 154 2519; x_wconf 78' lang='lat' dir='ltr'>quod</span> <span class='ocrx_word' id='word_1_384' title='bbox 165 2471 225 2512; x_wconf 77' lang='lat' dir='ltr'>Wak.</span> <span class='ocrx_word' id='word_1_385' title='bbox 236 2473 293 2512; x_wconf 87' lang='lat' dir='ltr'>forte</span> <span class='ocrx_word' id='word_1_386' title='bbox 309 2473 384 2513; x_wconf 86' lang='lat' dir='ltr'>melius</span> <span class='ocrx_word' id='word_1_387' title='bbox 394 2481 470 2513; x_wconf 89' lang='lat' dir='ltr'>censet.</span> <span class='ocrx_word' id='word_1_388' title='bbox 497 2475 595 2513; x_wconf 84' lang='lat' dir='ltr'>Ceterum</span> <span class='ocrx_word' id='word_1_389' title='bbox 605 2470 712 2510; x_wconf 86' lang='lat' dir='ltr'>Lucretius</span> <span class='ocrx_word' id='word_1_390' title='bbox 722 2471 758 2509; x_wconf 85' lang='lat' dir='ltr'>hic</span> 
     </span>
    </p>
   </div>
   <div class='ocr_carea' id='block_1_4' title="bbox 0 0 850 2654">
    <p class='ocr_par' dir='ltr' id='par_1_8' title="bbox 0 0 850 2654">
     <span class='ocr_line' id='line_1_47' title="bbox 0 0 850 2654; baseline 0 3"><span class='ocrx_word' id='word_1_391' title='bbox 0 0 850 2654; x_wconf 95' lang='lat' dir='ltr'> </span> 
     </span>
    </p>
   </div>
   <div class='ocr_carea' id='block_1_5' title="bbox 362 2618 371 2640">
    <p class='ocr_par' dir='ltr' id='par_1_9' title="bbox 362 2618 371 2640">
     <span class='ocr_line' id='line_1_48' title="bbox 362 2618 371 2640; baseline 0 0"><span class='ocrx_word' id='word_1_392' title='bbox 362 2618 371 2640; x_wconf 69' lang='grc' dir='ltr'>θ</span> 
     </span>
    </p>
   </div>
  </div>
 </body>
</html>
