1690 2654
310 102 414 174 urana
435 109 475 153 vr.
506 94 510 103 “
587 78 588 81 “
703 109 751 156 149

88 224 167 273 Vertere,
180 233 239 274 quem
252 222 317 274 patrio
328 222 440 263 vocitamus
452 221 532 262 nomine
544 221 626 264 fulmen.

86 279 132 327 Hoc
144 278 167 317 fit
179 276 232 316 idern
246 278 267 315 iu
279 277 354 326 parteis
362 276 426 323 alias,
439 288 577 325 quoquomqne
589 276 634 315 tulit
646 271 686 314 vis.

110 330 145 369 Fit
158 342 242 379 quoque,
255 332 277 366 ut
288 328 387 367 interdum
399 327 454 366 venti
466 327 577 378 via-missa
590 328 632 368 siue
643 327 693 379 igni,
710 324 752 369 30⁰

26 387 29 390 ’
84 382 173 432 lguiscat
181 384 251 431 *tamen
264 378 362 429 iuspatio
374 379 474 429 longoque
486 382 559 425 meatu,

84 434 138 473 Dum
150 431 211 479 venit,
219 431 315 470 'amittens
328 431 349 469 iu
362 443 421 468 eursu
433 442 517 479 corpora
530 431 626 478 quaedam
690 455 692 458 v

85 482 181 530 Grandia,
194 490 246 533 quae
258 484 357 532 nequeunt
369 481 443 531 pariter
455 484 559 530 penetrare
571 494 606 531 per
618 494 689 525 annas:

83 537 149 585 Atque
161 534 202 573 alia
214 547 238 573 er
250 534 295 584 ipso
308 534 413 573 corradens
426 534 472 572 adro
483 537 550 583 portat

83 587 175 634 Parvola,
189 598 240 636 quae
248 585 329 625 iaciunt
339 585 414 637 ignem,
427 586 541 632 commixta,
553 585 649 626 volando:
710 583 750 628 305

82 638 128 679 Nou
141 638 347 689 abstergeremus,
361 650 384 677 ac
396 638 491 689 plumbea
504 650 562 687 saepe

82 690 168 731 Fervida
180 690 204 729 fit
216 690 308 741 glans-in
317 690 383 739 cursu,
400 704 465 740 quom,
478 692 543 729 multa
554 689 628 742 rigoris

84 743 174 792 Corpora
186 742 291 790 dimittens,
307 743 375 793 ignem
389 743 478 793 concepit
489 743 510 781 iu
524 743 585 781 auris.

55 843 57 846 ἱ
108 795 143 834 Fit
155 807 239 845 quoque,
251 799 274 833 nt
285 794 348 845 ipsius
359 795 432 847 plagae
444 795 473 833 vis
487 794 558 833 excitet
570 794 645 847 ignem,

82 846 168 899 Frigida
182 847 245 897 quom,
253 847 394 898 venti-pepulit
405 847 443 894 vis,
456 846 517 886 misso
530 847 572 885 sine
583 848 634 899 igni:

39 913 41 915 ·
82 897 182 940 Nimirum
195 899 249 950 quia,
262 911 322 949 quom
333 899 447 938 vehementi
458 898 542 949 perculit
554 899 603 949 ictu,

83 952 187 1001 Gonduere
199 965 224 990 ex
231 952 278 1001 ipso,
287 955 369 1002 possunt
382 952 478 990 elementa
489 950 577 1001 vaporis,

81 1005 109 1044 Et
121 1004 181 1044 simul
193 1016 217 1043 ex
230 1004 277 1051 olla,
291 1007 398 1054 quaedum
410 1016 442 1042 res
455 1003 526 1054 excipit
537 1003 610 1043 ictum:
684 1037 685 1040 ,

82 1057 116 1104 Ut,
129 1055 216 1105 lapidem
225 1056 282 1093 ferm
296 1068 357 1105 quom
369 1055 475 1102 caedimus,
489 1056 554 1095 evolat
566 1055 632 1107 iguisq
677 1084 678 1087 =

33 1112 35 1115 ’
81 1107 129 1156 Nec,
143 1107 196 1157 quod
207 1107 282 1159 frigida
294 1107 325 1145 vis
338 1106 388 1145 ferri
400 1110 435 1154 est,
449 1108 489 1145 hoe
501 1107 564 1146 secius
578 1110 618 1149 olla
668 1109 671 1113 ’

81 1159 163 1207 Semina
175 1161 292 1197 concurrunt
304 1159 364 1197 calidi
375 1159 461 1209 fulgoris
475 1160 500 1197 ad
512 1159 581 1199 ictum.

80 1210 190 1263 sicigitur
203 1222 282 1261 quoque
293 1223 325 1250 res
339 1212 418 1251 accendi
432 1211 516 1250 fulmine
529 1212 591 1261 debet,

80 1262 196 1313 Opportuna
207 1263 247 1301 fuit
259 1262 277 1302 si
289 1264 341 1312 forte
353 1267 373 1302 et
383 1263 571 1303 idoneaflammeis.
633 1293 634 1298 ,

79 1314 122 1356 Nee
134 1318 208 1354 temere
220 1314 300 1355 omniuo
311 1316 370 1367 plane
383 1315 414 1354 vis
426 1315 502 1366 frigida
514 1316 568 1354 venti

81 1367 130 1407 Esse
142 1369 212 1418 potest,
225 1380 249 1406 er
262 1379 301 1417 quo
313 1370 368 1407 tauta
379 1367 400 1406 vi
413 1367 474 1406 missa
486 1381 568 1418 superne
581 1370 621 1418 est;

81 1419 136 1468 Quin
147 1419 201 1469 prius
213 1419 234 1458 in
247 1432 305 1459 eursu
317 1419 335 1459 si
346 1432 385 1458 non
392 1419 510 1459 'accenditur
521 1419 571 1471 igni,

80 1472 107 1512 At
119 1472 218 1521 tepefacta
229 1475 296 1511 tamen
307 1472 379 1519 veniat,
395 1471 503 1512 commixta
516 1473 588 1512 calore.

105 1523 209 1563 Mobilitas
219 1527 288 1563 autem
299 1524 323 1563 fit
334 1523 422 1563 fulminis
435 1527 455 1563 et
467 1525 534 1574 gravis
549 1524 607 1576 ictus,

79 1572 182 1621 Aoqoeleri
195 1576 258 1615 ferme
269 1579 355 1627 pergunt
367 1576 405 1615 tibi
417 1577 501 1615 fulmina
514 1577 579 1626 lapsu,

78 1626 170 1667 Nubibus
181 1627 225 1678 ipsa
237 1629 289 1678 quod
301 1627 380 1667 omniuo
392 1628 446 1679 prius
459 1628 519 1668 incita
530 1641 551 1667 se
563 1628 594 1668 vIs
625 1668 633 1678 x

67 1703 69 1708 ·
79 1678 168 1731 Colligit,
182 1683 202 1727 et
213 1692 309 1732 magnum
321 1692 416 1719 conamen
428 1680 488 1720 sumit
501 1680 566 1722 eundi.

78 1730 138 1780 Inue,
145 1731 181 1776 ubi
192 1745 236 1772 non,
244 1733 308 1783 potuit
319 1734 380 1771 nubes
390 1746 463 1783 capere
475 1732 554 1783 impetis
567 1734 656 1784 aucium,
680 1751 682 1753 ·

78 1783 202 1834 Exprimitur
214 1784 255 1831 vis;
268 1788 327 1835 atque
339 1784 383 1823 ideo
397 1786 452 1832 volat
463 1785 535 1836 impete
547 1784 607 1837 miro,
632 1816 636 1819 ⁴

78 1834 106 1874 Ut
117 1836 190 1875 validis
203 1849 254 1886 quae
266 1837 291 1874 de
303 1838 405 1876 tormentis
418 1837 479 1877 missa
490 1839 586 1876 feruntur.

104 1888 166 1935 Adde,
179 1889 231 1937 quod
243 1901 255 1926 e
266 1889 333 1938 parvis
346 1892 366 1927 et
377 1889 495 1937 levibusest
509 1888 622 1937 elementis;

78 1936 120 1978 Nee
133 1939 192 1979 facile
204 1943 234 1979 est
246 1941 282 1980 tuli
293 1944 376 1979 naturae
387 1942 482 1980 obsistere
494 1941 613 1991 quidquam:

76 1990 131 2031 luter
143 1991 196 2031 enim
208 1993 262 2044 fugit
275 2005 299 2031 ac
310 1996 399 2041 penetrat
411 2004 504 2042 perrara
517 1993 601 2040 viarum.

77 2041 122 2082 Non
133 2043 197 2095 igitur
211 2044 277 2084 multis
290 2044 396 2084 offensibus
408 2044 429 2090 in
441 2046 559 2084 remorando

77 2093 180 2135 Haesitat:
192 2096 244 2136 hane
258 2097 283 2136 ob
295 2109 339 2135 rem
351 2094 410 2135 celeri
422 2097 478 2135 volat
488 2097 562 2147 impete
572 2096 649 2138 labens.

102 2148 185 2195 Deinde,
199 2149 251 2200 quod
264 2149 343 2187 omnino
355 2152 427 2187 natoue
439 2149 526 2198 pondera
539 2149 632 2190 deorsum

77 2196 150 2238 Omnia
161 2200 249 2240 nituntur
253 2214 260 2244 ,ε
274 2214 334 2250 quom
346 2201 407 2251 plaga
419 2200 445 2239 sit
457 2200 524 2242 addita
536 2213 590 2248 vero,
664 2227 665 2230 =

76 2249 180 2290 Mobilitas
192 2253 308 2303 duplicatur,
321 2257 341 2292 et
354 2252 438 2302 impetus
450 2252 486 2291 ille
497 2254 607 2304 gravescit3
627 2259 633 2267 “·

76 2301 105 2339 Ut
116 2303 252 2344 vehementius
267 2309 286 2343 et
298 2305 362 2351 citius,
375 2317 524 2354 quaequomque
536 2308 639 2351 morantur

77 2352 148 2401 Obvia,
162 2354 255 2395 discutiat
266 2357 338 2408 plagis,
349 2355 450 2406 itinerque
458 2361 557 2407 sequatur.

101 2405 197 2455 Denique,
211 2408 264 2457 quod
276 2409 336 2460 longo
348 2409 403 2448 venit
415 2409 494 2459 impete,
507 2421 584 2448 sumere
596 2408 653 2447 debet
699 2405 739 2447 aab

75 2454 215 2507 bicubitalem,
228 2459 289 2505 etiam
302 2466 361 2510 atque
374 2461 435 2500 etiarn
448 2473 499 2511 quae
510 2460 580 2501 crescit
592 2459 662 2508 cunae,

58 2533 60 2537 ν
76 2506 104 2547 Et
115 2507 193 2549 validas
204 2514 266 2562 auget
277 2511 344 2561 vireis,
356 2515 377 2552 et
389 2514 471 2553 roborat
483 2513 552 2553 ictum.
