1690 2654
77 110 125 159 5112
282 111 554 159 ANNo'TArlonns

78 226 116 264 sile
126 226 151 264 si·
164 245 189 254 -
203 226 285 276 tamen]
302 227 357 265 Iunt.
370 238 450 267 cuncta·
463 249 490 257 -
503 227 603 281 reperire]
623 227 668 270 Ald.
681 231 699 270 1.
712 232 761 269 Bon.
774 241 794 270 te

74 292 113 331 per
123 288 154 323 te,
167 276 217 315 Ver.
227 278 278 319 Ven.
289 290 377 331 repente.

129 329 174 369 533.
199 331 267 381 fiant]
287 331 353 382 Lugd.
368 333 386 370 1.
396 332 415 370 2.
429 330 487 369 Bodl.
502 330 563 370 Vind.
573 331 621 372 Brit.
634 334 653 374 3.
669 334 726 372 Cant.
740 334 794 373 Brix.

77 381 126 418 Ver.
137 383 188 421 Ven.
199 385 282 434 fluant,
295 383 358 420 Poor.
371 383 425 421 Brit.
436 385 454 422 1.
465 385 560 435 refluunt.

128 433 174 472 534.
201 433 261 484 bene]
283 434 355 474 bld.1.
374 437 423 473 Bon.
438 437 494 484 bone.
508 457 535 464 -
549 437 656 486 cognoris]
677 436 728 475 Ven.
742 437 794 488 Ven·

77 487 172 576 pogssnitis
185 486 246 528 Cant.
257 489 380 540 cognoveris.
393 507 419 515 -
432 488 489 538 siut]
502 486 560 527 Bodl.
571 487 624 526 Brir.
634 489 681 528 Ver.
687 490 738 530 Ven.
749 488 794 527 nid.

91 564 96 575 .
123 548 223 578 [insunt.

129 590 175 630 536.
202 590 289 640 terram]
308 590 375 640 Lugd,
383 591 402 630 1.
413 591 432 629 2.
448 591 508 629 Poor.
520 589 572 629 Brit.
584 592 603 630 3.
619 590 672 629 Brix.
683 593 731 629 Ver.
742 592 794 632 Ven.

76 651 151 681 terras.
177 640 234 692 (Vid.
245 641 272 680 ad
284 642 307 690 V,
320 642 390 689 1091.)
409 662 433 670 -
449 641 513 692 fuce]
527 642 629 680 sisPoor.
641 645 701 682 Cant.
717 643 762 683 Ald.
775 645 793 683 1.

76 694 140 738 Bon.;
161 694 227 732 ceteri
237 694 362 744 omnesfuc.
391 692 443 740 (Sed
454 693 510 730 coni.
522 693 548 730 ad
559 694 587 743 II,
599 692 656 744 485.)

128 745 173 785 537.
199 747 237 796 ιιι]
256 746 305 785 Ver.
323 747 373 782 Ven.
389 744 433 781 Ald·
446 747 463 783 1.
480 747 528 782 Bon·
541 757 573 792 et;
594 759 656 793 „non
669 746 723 783 male
730 746 752 791 ,“
770 753 794 783 ut

76 795 136 834 Wak.
150 805 226 835 censet.
239 820 265 826 -
278 798 365 847 supera]
380 796 409 833 sic
420 797 485 846 Lngd.
496 800 514 836 1.
525 799 545 836 2.
556 799 605 838 Brit.
617 799 635 838 1.
647 797 692 836 nid.
705 800 722 838 1-
735 800 793 847 Bou,

76 847 175 899 idemque
192 848 231 887 sihi
243 849 288 887 vuit
299 850 359 888 Poor.
376 849 435 887 Cant.
454 848 505 888 Brix.
516 850 563 888 Ver.
574 850 625 890 Ven.
639 865 712 902 super‚·
731 849 792 888 Vind.

76 901 126 940 Brit,
137 903 157 940 3,
167 901 224 938 Iunt.
235 900 280 939 Ald.
289 902 309 941 2.
319 916 388 954 supra.
414 900 475 950 Vulg.
488 900 546 940 editt.
557 900 586 939 sic
597 901 684 939 habent:
699 913 722 940 ut
734 917 793 955 supe-

76 962 151 999 mest,
165 957 232 992 ventis
243 965 305 1006 atque
318 956 406 1005 undique
418 954 508 1002 plenum,-
528 953 565 990 sed
576 966 641 1005 quum
649 965 679 992 est
689 953 711 990 in
723 952 793 991 omni-

75 1004 115 1042 hus
126 1005 183 1042 libris
198 1007 293 1056 (praeter
304 1006 358 1044 Iunt.
369 1011 390 1042 et
400 1003 445 1043 nid.
455 1006 485 1048 2.)
503 1004 565 1053 desit,
580 1017 640 1058 arque
654 1018 703 1044 vero
714 1006 793 1055 pariter

76 1069 120 1094 non
136 1056 221 1108 legatur
225 1057 254 1096 'in
269 1056 334 1109 Lngd.
346 1059 363 1096 1,
374 1058 393 1096 2.
410 1056 469 1094 Vind.
482 1057 530 1095 Brit.
544 1059 561 1096 1.
573 1058 592 1097 3.
604 1059 663 1096 Cant.
674 1057 725 1094 Brix.
744 1058 792 1097 Ver.

76 1109 135 1159 Ven.‚
151 1111 176 1148 W
177 1109 298 1156 akefieidus‚
308 1110 339 1146 his
351 1108 409 1146 lihris
420 1109 592 1159 obtemperans,e
603 1109 658 1147 coni.
666 1109 731 1147 edidit
741 1124 793 1149 veu-

77 1164 128 1200 tosis
140 1174 177 1210 pro
187 1164 260 1209 uentis,
275 1173 337 1212 quem
347 1173 395 1197 curn
407 1160 482 1200 Eichst.
492 1168 592 1210 sequutus
601 1174 654 1199 snm,

128 1214 174 1253 539.
200 1215 284 1266 dirupta
302 1212 362 1252 Wak.
378 1212 470 1250 restituit
486 1224 498 1249 e
513 1212 562 1252 Brit.
573 1214 592 1252 1.
608 1220 628 1252 et
643 1214 691 1254 Ver.
703 1212 791 1262 (Ven.);

77 1264 140 1317 vulgo
152 1268 244 1319 derupta.
346 1289 348 1291 »

127 1315 173 1357 511.
203 1317 289 1356 Vulnere
298 1315 331 1366 ui]
352 1317 409 1354 Cant.
423 1319 444 1356 V
442 1318 508 1356 oluere
518 1319 546 1365 in,
559 1317 605 1356 Ald.
617 1319 635 1357 1·
645 1319 695 1355 Bon.
708 1318 792 1357 Volture

76 1372 126 1417 ium,
139 1370 196 1407 Poor
205 1368 255 1408 Brit.
262 1370 280 1408 1.
292 1371 313 1408 V
311 1370 375 1407 olvier
386 1372 413 1407 iu.
427 1390 452 1396 —
466 1370 608 1422 submersaque
618 1385 671 1409 saxo
676 1371 793 1423 putandum

77 1421 119 1472 est]
134 1420 164 1460 sic
177 1422 238 1460 Poor.
257 1421 317 1458 Cant.
334 1419 378 1458 nld.
391 1421 409 1460 1.
421 1421 440 1459 2.
459 1422 507 1460 Bon.
519 1423 585 1470 Iunt.,
604 1434 667 1473 quam
683 1421 793 1471 vulgarem

79 1473 201 1522 lectionem,
214 1472 275 1512 Wak.
288 1472 394 1519 suadente,
408 1485 457 1511 cum
468 1473 543 1510 Eichst.
553 1474 705 1511 revocavimus.
725 1471 792 1524 Lugd.

77 1527 96 1566 1.
106 1528 125 1566 2.
137 1529 250 1566 submersos
261 1528 397 1577 coputundum
409 1535 451 1574 est,
470 1525 519 1564 Brit.
529 1526 548 1564 1.
563 1527 673 1565 submersos
683 1541 708 1564 ea
717 1535 792 1575 putau-

76 1580 124 1617 dum
134 1590 175 1628 est,
190 1577 251 1617 Bodt.
263 1578 311 1615 Ver.
321 1579 371 1616 Ven.
383 1578 490 1616 submersis
502 1580 638 1629 supramodum
648 1588 690 1624 est,
708 1576 760 1614 Brit,
772 1577 791 1614 3.

76 1632 184 1669 submersis
199 1633 286 1682 hincque
300 1631 464 1682 putandumst,
482 1629 535 1668 Brix.
546 1630 659 1667 submersas
670 1632 701 1667 ito
712 1639 792 1681 puton-

78 1683 126 1720 dum
135 1693 171 1720 est.
198 1683 226 1718 Ex
242 1681 274 1718 his
290 1681 352 1718 variis
365 1678 491 1717 lectionibus
507 1681 564 1719 Voss.
577 1679 604 1718 ad
622 1680 696 1717 Catuli.
713 1693 734 1728 p.
745 1679 792 1719 269.

76 1733 130 1770 fecit
139 1734 241 1771 submerso
258 1735 325 1783 capite
342 1731 387 1780 (vel
401 1731 468 1781 potius
479 1743 548 1786 capte,
569 1739 594 1769 ut
605 1732 661 1783 apud
670 1731 759 1769 Ennium
771 1744 791 1781 p.

78 1784 123 1824 135.
134 1784 211 1822 Hessel.
222 1786 329 1837 (lapsibus)
345 1786 456 1835 putandum
466 1796 506 1831 est,
521 1784 577 1835 qiiod
586 1786 637 1822 Hav.
647 1783 737 1834 recepit,
751 1782 792 1821 hac
803 1803 807 1808 2

76 1837 132 1874 mira
142 1835 279 1886 explicatione
294 1835 374 1873 addita:
396 1837 520 1884 „Submerso
534 1839 602 1888 capite
614 1842 694 1873 terram
707 1835 792 1872 denotat

76 1887 182 1927 inversam
193 1894 214 1926 et
224 1887 245 1933 in
257 1900 279 1925 se
288 1888 346 1938 quasi
356 1885 497 1924 subsidentem
507 1887 543 1935 ita,
556 1894 580 1924 ut
591 1887 647 1937 quod
656 1893 713 1925 extra
723 1893 792 1925 osten-

78 1939 124 1987 dat,
136 1940 192 1990 intus
201 1939 298 1976 similiter
311 1939 486 1988 comprehendat,
499 1938 522 1975 in
533 1952 573 1990 qno
582 1939 655 1989 utique
666 1945 791 1990 argumento

77 1998 172 2029 versatur
184 1989 254 2042 poeta,
271 1998 293 2028 et
308 1991 365 2040 quod
377 1990 416 2027 sihi
431 1990 563 2039 probandum
573 1990 673 2041 proponit
688 1990 759 2040 (conf.
771 2004 791 2030 v.

77 2044 149 2093 536·),
163 2049 187 2081 ut
199 2049 256 2081 terra
265 2043 337 2080 similis
351 2042 438 2091 sibiipsi
447 2043 472 2079 sit
486 2050 507 2079 et
516 2049 595 2080 exserto
608 2050 629 2080 et
637 2043 745 2081 submerso
757 2055 792 2080 ca-

77 2094 143 2145 pite.“
170 2094 242 2142 Wak„
262 2094 297 2145 qui
306 2094 445 2132 retinethanc
456 2094 580 2143 lectionem,
599 2095 635 2133 sed
647 2095 672 2132 de
683 2096 792 2134 submersis

73 2149 183 2199 fluminum
191 2146 286 2197 fontibus
296 2146 457 2197 interpretatur,
477 2146 539 2184 simul
551 2146 650 2197 proponit
661 2146 791 2185 coniecturas

78 2200 185 2255 submersis
201 2201 303 2251 capitibus
315 2201 402 2238 dandum
414 2209 451 2246 est,
464 2204 485 2236 et
492 2200 593 2252 submerso
602 2199 668 2249 sunto
675 2198 792 2253 putandum

78 2261 115 2290 est.

130 2299 174 2340 511.
200 2301 297 2351 similem]
311 2303 371 2341 Poor.
381 2301 428 2340 Brit.
440 2303 457 2341 1.
468 2302 487 2341 3.
501 2303 557 2341 Cant.
566 2301 618 2340 Brir.
628 2302 675 2340 Ver.
683 2302 734 2343 Ven.
744 2301 790 2341 Ald.

78 2354 97 2392 1.
106 2355 155 2390 Bon·
166 2354 237 2392 simile.
252 2376 277 2381 —
290 2357 329 2398 sui,
343 2353 387 2402 res]
401 2352 526 2394 Badtvind.
538 2354 586 2394 nris.
594 2356 612 2392 1.
623 2353 675 2391 Brix.
683 2354 791 2393 'VenVem

77 2408 141 2452 uires,
155 2405 215 2445 Poor.
228 2417 248 2443 et
258 2422 301 2453 res,
315 2406 364 2446 Brit.
373 2407 392 2445 3.
406 2418 426 2445 ct
436 2409 500 2453 uires,
521 2407 578 2444 Cant.
589 2417 609 2444 et
621 2420 713 2457 porres,
727 2417 791 2456 quam
808 2425 813 2430 ·

77 2457 203 2506 scripturam
214 2457 288 2505 (simile
297 2473 339 2497 esse
351 2469 371 2497 et
380 2473 425 2511 por,
435 2473 467 2497 res
477 2473 498 2510 p.
508 2460 561 2511 ipsu)
571 2456 632 2496 Walr.
643 2456 730 2496 minime
741 2471 789 2497 con·

78 2508 214 2548 temnendam
225 2514 291 2561 putat.
304 2531 329 2539 -
340 2510 447 2564 postulat]
459 2510 508 2551 Brit.
520 2511 539 2553 5.
553 2509 674 2563 expostulet.
