1690 2654
63 129 64 132 ,
94 94 127 139 82
280 91 323 136 'on
341 94 463 135 euenor
479 79 618 136 narona
664 67 669 74 ²

146 206 173 244 Et
184 206 245 256 volgo
259 203 337 251 faeimrt
348 205 369 244 id
381 206 434 245 lutea
447 212 541 256 russaque
552 207 599 245 -rela

146 258 173 296 Et
185 257 374 309 ferrugine‘quom,
387 258 477 309 magneis
490 258 564 297 intenta
580 257 682 306 enerues,

109 307 135 349 75
146 310 261 348 Per-malos
274 310 356 361 volgata
371 311 488 360 trabeisque,
504 310 608 362 trementia
615 310 710 349 lluetaut:

145 361 238 411 Namque
247 361 278 400 ibi
289 374 401 402 consessum
414 363 482 402 caveai
493 364 559 401 subter
572 366 591 401 et
604 374 682 401 onmem
714 400 716 404 ,

146 413 249 454 Seennlenr
261 414 353 464 speeiem,
365 419 445 465 patrum
457 416 583 464 matrumque
594 415 727 466 Deorumque,

146 466 244 514 Inficiunt,
253 470 371 518 ,coguntque
382 481 418 506 suo
430 467 509 506 fluitare
521 468 597 506 colore:

90 547 92 549 ψ
146 519 179 566 Et,
193 522 266 569 quanto
280 520 354 557 circum
367 532 427 570 mage
439 523 484 558 sunt
496 519 573 559 inclusa
584 517 657 558 theatri
686 525 687 528 ’

108 567 134 610 8⁰
147 570 235 617 illoeniu,
248 574 290 609 tam
303 571 371 623 magis
381 572 433 610 llaec
445 571 504 620 intus,
518 573 600 622 perfusa
611 572 688 622 lepore,

90 671 94 677 .
148 622 220 661 Omnia
232 623 331 662 conrident
343 626 433 673 correpte
443 624 488 662 luce
501 624 546 663 diei,

147 676 203 725 Ergo
216 674 282 722 lintea,
296 675 320 713 de
333 688 410 724 smnrno
425 688 485 725 quom
498 688 578 725 corpore
589 675 658 713 fucum

147 727 237 773 Mittunt,
250 726 329 777 efligies
342 723 418 776 quoque
431 728 501 765 dehent
513 727 592 766 mittere
605 725 678 765 tenveis
823 731 828 749 ¹

151 780 193 817 Res
207 789 308 827 quaeqne;
321 792 345 817 ex
358 791 435 825 summo
451 777 542 827 quoniam
556 779 669 818 iaculantur
680 780 781 831 utraeque.

108 827 136 870 85
149 830 199 869 Sunt
211 829 274 880 igitur
286 830 328 868 iam
339 830 450 869 feunanum
462 831 548 881 uestigia
560 834 633 879 certa„

147 883 205 931 Quae
217 882 277 933 volgo
290 882 381 930 volitant,
395 882 463 922 subtili
476 883 565 932 praedite
577 883 621 931 filo,

147 934 189 983 Nee
202 933 318 985 singillatim
330 937 412 984 possunt
425 939 500 974 secreta
513 934 584 975 videri.

173 986 279 1025 Praeterea
292 986 354 1025 omnis
368 987 422 1037 odos,
435 987 509 1034 fumus,
522 999 591 1037 vapor,
605 990 663 1038 atque
676 986 728 1029 eliae
740 999 772 1030 res
793 1032 795 1035 f

149 1035 265 1078 Consimiles
278 1038 420 1078 ideo-diffusae
432 1040 491 1078 rebus
503 1039 609 1087 abundant,
828 1048 830 1052 ⁴

67 1130 70 1135 f
109 1087 136 1129 90
151 1092 183 1129 En
195 1091 236 1128 ulto
249 1091 302 1140 quia,
317 1092 365 1128 dum
377 1090 458 1129 veniunt
470 1091 596 1139 extrinsecus,
609 1093 689 1140 ortae·
754 1117 756 1120 -
817 1103 819 1105 “

150 1142 270 1182 Scinduntur
283 1155 318 1192 per
330 1142 367 1181 iter
379 1143 464 1189 flexum3
476 1155 513 1181 nee
524 1147 580 1183 reeta
592 1143 680 1183 nia-rum>

150 1194 207 1234 Ostia
218 1198 269 1242 suut,
281 1206 332 1243 quae
344 1195 462 1233 contendunt
474 1194 527 1233 exire
541 1200 626 1234 coortae.
646 1222 651 1227 κ
694 1197 696 1200 ’

149 1250 175 1286 At
188 1249 261 1293 eontra,
275 1246 339 1285 tenuis
352 1246 425 1284 summi
436 1247 553 1285 membrana
566 1246 638 1285 eoloris

149 1298 217 1347 Quom
229 1297 307 1345 iacitur,
322 1297 374 1335 nihil
387 1301 423 1345 est,
435 1298 544 1346 quotl‘eam
558 1298 666 1347 discerpere
677 1297 749 1347 possit3
790 1309 793 1312 ⁴

111 1345 137 1388 95
149 1351 172 1389 In
184 1352 263 1398 promtu
277 1349 373 1398 quoniam
382 1353 417 1397 est,
430 1348 451 1386 iu
463 1349 528 1398 primu
540 1350 608 1388 fronte
619 1351 689 1390 locata.

175 1402 279 1440 Postremo
292 1401 382 1451 speculis,
387 1401 417 1439 ¹iu
429 1407 493 1450 aquas
501 1402 639 1451 splendoreque
651 1400 673 1439 in
686 1400 740 1446 omni

148 1454 304 1502 Quaequomqne
316 1456 412 1502 apparent
423 1453 480 1492 nobis
493 1452 604 1499 simulacra,
617 1465 695 1492 neeesse
708 1457 744 1500 est,
766 1497 768 1500 ,

149 1505 313 1554 Quandoquidem
327 1504 387 1543 simili
400 1504 464 1553 speeie
477 1509 522 1544 sunt
534 1505 623 1554 praestita
636 1517 711 1552 rerum,

148 1558 198 1596 Esse
209 1556 231 1595 in
244 1556 365 1606 imaginibus
377 1556 442 1595 missis
456 1556 559 1601 consistere
572 1569 661 1596 eorum,—
701 1577 704 1582 ,

96 1605 136 1647 10⁰
148 1609 201 1648 Nam
213 1621 264 1657 quur
274 1608 310 1647 illa
326 1609 396 1646 cadant
408 1607 473 1658 magis
487 1608 512 1646 ab
524 1610 622 1658 rebusque
634 1607 726 1646 recedant

149 1661 245 1709 Corpora,
257 1672 289 1698 res
301 1660 376 1698 multae
389 1672 439 1708 quae
453 1659 533 1699 nrittunt
545 1671 626 1709 corpore
639 1663 713 1709 aperto,

149 1713 217 1761 Quam
229 1723 280 1759 quae
292 1710 358 1749 tenvia
370 1714 421 1757 sunt,
434 1710 525 1755 hiseundi
537 1715 566 1749 est
578 1712 632 1751 nulla
644 1712 736 1763 Potestas.
791 1725 795 1731 ’

80 1783 82 1785 >
149 1764 203 1803 Sunt
211 1762 274 1814 igitur
285 1762 474 1802 tenncs‘lermerum
487 1761 629 1813 dissimilesque

149 1815 371 1867 Effigies,·singillatim
383 1817 431 1865 quas
444 1829 523 1854 cernere
534 1828 594 1854 nemo
649 1833 651 1837 ·

97 1863 137 1906 1⁰5
150 1868 220 1916 Quom,
229 1868 297 1917 possit,
309 1871 382 1915 temen,
397 1867 475 1906 assiduo
489 1868 597 1917 crebroque
608 1867 689 1916 repulsu

149 1919 250 1967 Reiectae,
262 1919 346 1959 reddunt
358 1920 483 1969 speculorum
496 1933 520 1959 ex
533 1931 618 1968 aequore
629 1919 705 1961 visum:

148 1971 190 2011 Nee
202 1971 281 2010 ratione
291 1971 332 2010 alia
345 1971 421 2010 sewum
433 1984 490 2021 posse
502 1971 596 2010 videntur

149 2023 269 2072 Tantopere,
281 2026 305 2061 ut
317 2023 510 2070 similesreddentur
523 2022 608 2072 quoique
620 2020 705 2071 figurae.
732 2030 734 2035 ’

174 2074 232 2113 Nune
245 2087 289 2125 age,
303 2087 364 2124 qnam
376 2075 430 2113 tenui
442 2078 513 2113 natura
525 2076 600 2112 constet
612 2072 687 2122 imago,

97 2122 137 2166 llo
148 2125 243 2175 Pereipe3
257 2130 278 2164 et
290 2125 311 2164 in
323 2126 398 2176 primis,
413 2126 506 2175 quoniam
518 2123 627 2174 primordia
639 2126 716 2163 rantum
781 2127 783 2132 ’

142 2177 200 2216 -Sunt
211 2177 264 2216 inira
276 2181 353 2217 nostros
365 2190 438 2224 sensus,
452 2180 545 2226 tantoque
557 2176 642 2223 minora,
703 2203 704 2206 =

150 2229 215 2275 Quum
228 2237 278 2278 quae
290 2230 377 2279 primum
390 2228 457 2268 oculei
470 2231 562 2278 coeptant
573 2240 612 2266 non
624 2239 683 2277 posse
693 2224 752 2266 tueri.

150 2279 207 2319 Nunc
219 2284 291 2327 tamen,
304 2281 326 2319 id
338 2294 416 2331 quoque
428 2279 458 2319 uti
472 2280 599 2327 eon-formem,
613 2279 693 2318 exordia
705 2280 772 2318 rerum

150 2332 270 2370 Cunctorum
282 2345 342 2382 quam
355 2333 394 2371 sint
405 2332 493 2379 subtilia,
506 2332 584 2382 percipe
597 2331 671 2381 paucis.

97 2383 137 2424 115
175 2382 273 2432 Primum,
287 2385 381 2423 animalia
393 2388 438 2423 sunt
450 2384 492 2422 iam
506 2383 580 2433 partim
592 2383 675 2431 tantula,
687 2380 795 2420 utiterum

149 2434 219 2474 Tertia
230 2446 276 2483 pars
288 2436 344 2474 nulle
356 2436 421 2486 possit
430 2435 507 2475 ratione
519 2435 589 2476 videri.
716 2445 718 2448 '

149 2487 227 2530 norrun
238 2486 351 2529 intestinum
362 2488 444 2539 quodvis
457 2488 516 2539 quale
529 2500 573 2529 esse
582 2485 690 2539 putendum
702 2481 745 2523 est?
