1690 2654
2 164 4 167 ⁴
59 125 107 173 190
276 126 557 172 ANNOTATIONES

838 208 845 230 n

59 237 100 283 VI,
114 234 146 276 11.
165 235 196 287 (p.
207 235 252 277 711.
265 236 361 287 Putscli.)
374 237 453 277 Nonius
464 240 521 287 viii,
535 237 626 281 '6-10.
644 241 676 282 12.
695 239 726 282 14.
745 241 777 281 15.
831 237 845 286 ,l

59 290 155 331 17-19
175 291 208 338 (p.
223 290 268 330 755.
284 303 310 329 ss.
330 291 409 340 Goth.)
428 290 524 329 Ruddim.
540 294 589 331 inst.
607 293 644 333 Gr.
659 297 674 332 1.
696 306 716 344 p.
732 295 776 334 ior.
831 325 834 345 ,

58 346 102 382 not.
112 338 144 381 46.
155 354 175 391 p.
188 343 233 383 160,
243 348 287 382 not.
298 345 342 383 100.
362 340 433 382 Statio.
446 343 592 386 e'eimeidsGr.
601 346 648 386 Lat.
660 346 689 383 II.
699 359 720 396 p.
731 343 776 386 147.
831 348 841 395 [f

59 390 114 442 171..
127 406 212 442 prorsus
223 394 265 432 alia
275 402 306 432 est
314 395 377 435 ratio.
841 399 844 413 '¹

110 446 156 485 387.
179 447 235 498 ficit]
256 447 286 484 ita
301 448 364 487 codd.
380 447 429 488 Brit.
442 449 459 488 1.
471 450 490 489 3.
508 448 566 487 cant.
580 447 639 486 Bodl.
654 447 714 486 editt.
727 450 777 487 Bon.
828 418 844 494 ,ἑ

59 496 104 535 Aid.
115 500 132 537 1.
144 500 163 537 2.
179 501 232 537 lunt.
261 500 328 537 Ceteri
339 499 400 549 libri,
419 504 502 550 prieter
513 500 578 538 codd.
589 500 647 549 illos,
664 500 685 538 in
703 502 777 551 quibus
828 495 843 550 ⁵7.

58 549 106 588 Pius
114 549 228 587 lectionem
234 553 299 603 flubii
308 552 395 601 invenit,
409 551 510 590 facillimo
523 565 594 590 errore
601 556 650 606 flur.
677 554 741 601 Hau,
754 558 778 590 ut
829 552 844 602 3¹.}

58 602 156 654 vulgares
167 602 232 652 edin,
244 604 312 653 furui.
324 626 352 632 -
363 607 473 655 possidat]
489 604 551 643 Godd.
559 605 606 642 Brit.
614 606 656 643 12.
664 607 777 657 possideat,

60 654 117 704 quod
130 667 173 691 nou
190 654 280 701 mirum,
309 668 374 705 quum
388 657 476 693 verbum
492 659 597 707 possidere
610 656 650 693 hac
663 657 777 706 praesentis

58 706 159 756 temporis
168 705 240 742 forma
251 704 301 742 alibi
313 719 356 742 non
370 719 481 744 occurrere
494 707 595 747 videatur.
834 719 842 746 ’θ

110 758 155 798 388.
183 758 329 805 celerantibus]
343 757 406 794 Editt.
416 759 463 796 Ver.
472 760 521 797 Ven.
529 758 574 798 Ald.
586 761 604 798 1.
615 761 665 797 Bon.
675 758 729 797 mira
740 772 777 797 va·

58 809 134 847 iterate
145 810 283 848 densantibus.
311 808 362 849 Cod.
374 810 422 849 Brit.
436 811 455 849 3.
468 822 492 848 ex
503 822 574 848 errore
586 813 741 858 celebrantibus,
754 816 778 849 ut
828 834 845 849 -

58 860 116 900 Bodl.
129 862 268 900 reicientibus.
404 903 406 905 ,
830 888 845 907 ,

111 914 156 953 390.
183 916 293 965 quemque]
308 911 362 951 lianc
371 913 480 964 vulgarem
490 913 610 961 lectionem,
621 912 679 952 haud
691 913 753 952 dubie
766 926 777 952 e
831 917 832 920 ’

60 965 125 1004 Codd.
133 965 277 1015 depromtem,
289 965 356 1015 prima
368 964 451 1003 exhibet
461 966 490 1003 Pii
503 966 553 1005 edit.
564 968 625 1013 Bou,
641 978 703 1017 quam
712 966 778 1004 serio·
827 976 840 1011 3

58 1015 194 1056 res'editores
209 1029 281 1054 omnes
292 1016 374 1068 sequuti
388 1024 448 1064 sunt3
469 1018 562 1068 priores,
581 1025 605 1054 ut
617 1018 681 1058 codd.
698 1031 778 1067 omnes,

59 1069 103 1107 sine
115 1069 169 1106 iusto
179 1080 241 1105 sensu
254 1071 336 1121 quisque
347 1068 456 1115 exhibent,
477 1082 541 1119 quare
551 1071 577 1107 ls.
590 1070 673 1107 Vossius
685 1070 778 1108 coniecit

57 1124 139 1174 prinum
148 1124 233 1173 quisque
248 1120 306 1168 (scil.
317 1122 378 1169 aer),
393 1127 451 1160 recte
463 1120 567 1159 refutatus
578 1135 591 1160 a
602 1121 777 1174 Walseiipquum
827 1133 844 1178 *fi

59 1185 100 1211 vox
107 1187 196 1227 primuni
205 1171 263 1208 nullo
276 1178 340 1221 pacto
353 1172 422 1208 abesse
433 1172 503 1222 possit.

111 1226 156 1265 391.
182 1226 326 1276 possideantur
349 1236 421 1261 omnes
436 1224 521 1262 omuino
538 1223 587 1263 libri
601 1230 693 1263 tuentur.
724 1226 776 1265 Har.

58 1277 135 1330 procul
148 1276 211 1315 dubio
225 1276 251 1313 oh
263 1289 282 1313 v.
292 1277 337 1317 387.
349 1278 488 1328 possidentur·

110 1326 155 1370 391.
182 1329 248 1381 quod]
269 1328 334 1366 Codil.
346 1328 394 1365 Brit.
406 1329 425 1368 3.
439 1329 495 1366 Cant.
514 1328 571 1366 Bodl.
588 1328 644 1367 editt.
660 1327 716 1366 Brix.
729 1329 777 1367 Ver.

58 1382 110 1420 Ven.
122 1397 172 1435 quo,
185 1382 199 1418 i.
210 1393 227 1417 e.
239 1381 312 1431 inquo
325 1380 385 1429 Ioco,
402 1380 458 1431 quod
472 1380 532 1420 wan.
544 1394 586 1418 non
597 1380 688 1418 deterius
698 1380 780 1421 censet.v
830 1373 843 1402 i

59 1434 99 1471 Sed
113 1436 140 1472 ob
154 1445 237 1471 versum
250 1439 373 1482 sequentem
391 1440 411 1470 et
425 1432 518 1484 plurium
533 1433 635 1471 librorum
653 1445 777 1472 consensum
830 1462 844 1482 e

58 1486 150 1539 vulgaris
161 1485 307 1537 praeferentia.

111 1540 156 1580 396.
184 1539 296 1589 denserier]
310 1539 340 1577 sic
350 1538 427 1577 diserte
438 1534 496 1579 editt.
507 1538 560 1575 Iuni.
570 1535 614 1576 Ald.
626 1538 645 1577 2.
672 1536 712 1575 sed
725 1535 778 1577 Coti.
824 1536 845 1578 ἱῐὲῗ

58 1589 113 1630 Brit.
124 1593 142 1630 1.
152 1592 171 1629 2.
183 1590 241 1631 Bodl.
259 1592 317 1629 editt.
330 1591 383 1630 Brix.
392 1593 442 1629 Veri.
452 1594 502 1631 Bon.
514 1589 558 1627 ild.
571 1591 588 1629 1.
599 1592 713 1636 denserier,
727 1588 777 1630 edit,

58 1643 112 1681 Veri.
124 1644 272 1689 condensarier,
287 1643 350 1683 Godd.
362 1643 475 1693 unguen.
488 1645 632 1688 condenserier,
650 1641 715 1679 Godd.
724 1641 776 1680 Brit.

59 1697 80 1734 5.
97 1695 155 1732 Gott.
167 1697 296 1741 condemur,
309 1694 364 1731 unde
375 1693 427 1731 nihil
442 1693 542 1743 expiscari
553 1705 636 1743 possum
648 1694 733 1744 vulgate
744 1692 777 1731 le·

60 1746 131 1784 ctione
140 1746 284 1796 praestantius.
313 1749 408 1784 Ceterum
421 1745 445 1781 de
459 1745 499 1782 hac
509 1744 607 1782 infinitivi
618 1745 687 1781 forma
697 1744 777 1784 dictum
831 1758 842 1791 :j

60 1805 91 1836 est
100 1797 126 1836 ad
136 1812 155 1835 v.
166 1800 211 1844 206.
226 1797 295 1846 (Redit
305 1811 324 1837 v.
332 1811 349 1835 c·
361 1802 375 1845 1,
388 1797 432 1837 618.
441 1798 486 1836 711.
499 1798 555 1836 1058.
570 1799 593 1844 Il,
604 1798 649 1838 987.
660 1798 716 1838 1089.
727 1799 776 1844 etc.)
826 1805 843 1827 ’ὁ

110 1851 155 1891 398.
183 1849 285 1901 Vulgares
301 1849 359 1886 editt.
376 1857 423 1885 ante
435 1849 493 1885 Walr.
508 1849 564 1885 huuc
575 1861 658 1886 versum
673 1849 778 1898 incipiunt
840 1871 844 1894 5

59 1901 207 1952 apronomine
217 1918 244 1949 se,
260 1899 364 1945 omnihus,
378 1907 512 1951 quotcunque
527 1900 660 1948 colluuntur,
674 1900 733 1938 libris
743 1912 778 1938 re·
835 1897 844 1938 's

60 1954 198 1992 clementibus
208 1954 293 1993 inserto.
313 1952 353 1990 Sed
363 1965 395 1988 res
406 1960 437 1989 est
445 1951 560 1999 notissima,
573 1951 682 2003 utriusque
692 1952 777 2004 linguae
838 1974 839 1977 =

59 2008 171 2057 scriptores
185 2005 310 2055 praesertim
325 2005 346 2041 in
355 2004 423 2042 verbis
439 2010 522 2041 motum
534 2003 625 2055 aliquem
637 2004 775 2055 significanti·
824 2044 827 2047 Δ

60 2058 98 2097 hus
109 2070 226 2108 pronomen
235 2058 369 2105 reciprocum
380 2056 497 2105 saepissime
505 2055 609 2104 omittere,
621 2062 641 2094 et
651 2057 713 2094 verba
724 2056 778 2094 acii.

60 2123 86 2148 va
100 2111 144 2160 ipse
160 2122 222 2147 sensu
238 2109 348 2159 reciproco
364 2121 476 2156 usurpare,
497 2106 553 2157 quod
566 2106 661 2160 inprimis
678 2108 776 2146 Lucretio

59 2162 216 2199 usitatissimum
228 2168 265 2198 est.
293 2162 392 2210 (Praeter
399 2162 425 2197 W
427 2159 459 2197 als.
471 2159 498 2196 ed
510 2159 558 2207 lut,
573 2161 598 2197 ed
610 2164 624 2204 1,
635 2160 705 2210 7871,
720 2163 777 2201 1000.

59 2215 108 2258 vit,
123 2215 179 2253 1188.
194 2220 233 2252 etc.
249 2212 346 2263 virosque
361 2211 434 2249 doctos
451 2224 463 2247 a
477 2211 596 2250 Weiclierto
613 2212 639 2249 ad
650 2212 696 2250 vsi.
709 2212 777 2251 Flauo.

60 2266 118 2312 VIII,
132 2267 174 2304 156.
188 2264 288 2310 laudatos,
301 2265 357 2303 conf.
372 2263 489 2313 Heusinger
501 2263 526 2299 ad
538 2266 599 2302 Corn.
609 2266 661 2313 Nep.
673 2267 714 2304 Ati.
726 2266 746 2313 7,
758 2265 776 2303 1.

59 2316 132 2356 Bromi
149 2315 175 2352 ad
191 2316 254 2357 eiusd,
265 2318 309 2353 Det.
323 2316 343 2365 4,
360 2315 379 2354 5.
402 2317 483 2352 Pessoiv
494 2315 519 2352 eil
532 2318 580 2354 Tac.
596 2317 668 2354 Germ.
684 2329 701 2353 c.
712 2317 745 2355 31.
755 2329 776 2365 p.
839 2342 842 2350 .

61 2372 105 2410 108.
131 2367 227 2404 lluddim.
242 2370 290 2405 Inst.
303 2369 339 2405 Gr.
352 2371 374 2406 ii.
391 2380 411 2415 p.
424 2367 468 2406 156.
483 2366 553 2418 ibique
569 2369 691 2408 Stellhaum.
702 2371 777 2418 Zumpt
842 2371 844 2374 “

61 2423 99 2461 Gr.
110 2421 156 2458 Lat.
168 2422 186 2468 ὃ.
198 2420 229 2458 37.
240 2431 259 2468 p.
272 2421 315 2458 191.
331 2418 413 2458 Remsli.
426 2419 463 2457 Gr.
474 2421 516 2457 Lat.
528 2423 547 2468 ἓ.
559 2422 601 2461 163.
612 2434 632 2471 p.
645 2421 684 2460 383
695 2421 724 2466 s.)
840 2450 844 2472 3

111 2470 157 2512 401.
184 2470 267 2508 Retinui
277 2471 385 2520 vulgarem
397 2470 508 2508 lectionem
518 2489 606 2524 possum,
621 2484 684 2523 quam
694 2473 720 2509 W
722 2471 754 2511 ek.
764 2481 776 2506 e
822 2482 843 2519 ,5

61 2524 113 2579 eod.
123 2525 171 2563 Brit.
179 2525 197 2565 1.
207 2532 229 2562 et
241 2520 388 2562 collationibus
399 2521 512 2563 Heiusienis
523 2525 656 2576 (quibuscum
667 2534 776 2563 senecen·
823 2566 839 2590 ‚
