1690 2654
65 56 113 102 ete
201 52 361 96 nunaunt
376 53 422 93 ΕΤ
438 44 657 99 attenuarent.

62 164 99 218 lis.
113 190 137 197 -
147 174 184 207 'ree
195 166 249 215 rem]
268 165 298 203 sic
308 164 370 205 Wak.
381 177 429 203 eum
444 165 541 204 omnibus
557 166 615 205 libris
631 174 717 218 praeter
729 167 788 205 Bodl.

63 222 114 259 Ver.
123 221 187 269 Vera,
206 218 229 256 in
240 218 315 269 quihus
326 233 359 256 res
371 220 412 256 iam
428 217 513 268 legitur.
540 219 609 272 Vulgo
622 226 694 259 tamen
705 220 788 259 inverso

67 273 141 310 ordine
151 288 193 311 rem
203 286 247 317 res,
262 282 286 307 ex
295 269 400 307 editorum
411 269 507 307 arbitrio.

119 323 185 365 *99st
213 322 277 360 falsus
288 328 319 359 est
333 333 432 359 numerus
445 334 483 371 pro
495 323 540 362 998.
645 365 647 367 ¹

64 381 69 385 ”
120 378 178 415 1003.
203 376 298 427 possint]
311 373 359 410 Brit.
366 376 384 412 2.
398 380 419 411 et
426 379 560 410 'omnesvett
569 375 627 414 editt.
638 381 722 425 praeter
732 376 789 412 Iunt.

68 435 89 466 et
103 427 149 466 Ald.
165 429 184 465 2.
198 437 292 477 possunt.
320 426 361 463 Sed
373 427 400 477 ¹V,
415 427 483 472 1215..
502 425 539 463 uhi
555 425 591 464 hic
604 439 676 465 versus
690 426 787 477 iteratur,

68 492 141 518 ornnes
151 478 214 516 Codd.
227 477 384 515 coniunctivum
393 484 486 516 tuentur.

121 533 179 571 1012.
206 533 286 576 tamen]
306 529 367 567 Vind.
379 536 400 578 et
410 530 505 580 vulgares
517 529 621 581 quaedam
633 529 691 571 editt.
701 541 787 571 tautum.

68 581 167 624 Gass'end.
180 582 235 621 coni.
245 592 320 629 totum,
338 581 402 619 Bentl.
414 597 508 621 vacuum.

121 637 173 676 1020
184 648 210 673 ss.
236 632 338 671 simillimi
348 640 396 670 sunt
404 633 452 670 loco
464 635 487 679 V,
496 631 535 673 420
544 645 571 673 ss

121 688 178 727 1050.
206 686 264 724 Gonf.
278 686 342 723 etiam
354 684 435 722 Nonius
445 687 485 731 IX,
500 686 520 723 5.

120 741 179 780 1068.
205 738 265 789 lege:
281 737 327 774 vide
340 737 366 774 ad
377 739 397 783 Ι,
410 737 442 777 87.
456 747 479 775 et
493 735 552 775 1040.

120 791 178 831 1075.
204 790 294 842 Aequis]
308 789 339 826 sic
350 790 399 826 Hav.
410 795 430 825 et
436 788 496 827 Wak.
508 799 557 824 curn
570 788 667 827 omnihus
675 789 789 830 lihrisMss.

69 849 90 880 et
103 841 200 893 plurimis
214 848 264 881 vett.
282 841 341 878 editt.
367 840 437 891 Vulgo
452 846 533 892 Aeque,
554 846 578 876 ut
594 843 648 879 lunt.
663 848 684 878 et
698 841 742 880 Ald.
755 844 787 888 2..

65 895 126 945 quod
141 894 209 933 miror
225 892 319 930 Bentleio
339 892 449 942 placuisse.
471 914 497 921 -
518 898 596 938 motus]
618 892 687 933 Gifan.
701 906 757 933 mota
776 906 788 931 e

68 947 136 994 coni.;
159 945 208 985 coll.
216 944 286 983 Heius.
295 948 363 984 motis.
390 945 486 982 Ceterum
499 943 555 982 conf.
566 944 650 995 Epicuri
662 957 695 996 ep.
708 945 735 983 ad
744 947 788 984 He-

67 997 142 1042 ΠΜ,
156 1000 188 1037 10.
531 1042 533 1044 ,

120 1051 177 1089 1076.
205 1064 266 1101 quom
275 1047 358 1097 venere]
373 1047 462 1099 Luget.
475 1062 585 1096 cumvener,
598 1048 656 1087 Bodl.
667 1048 728 1089 Vind.
740 1051 787 1089 Ver.
843 1064 845 1077 ⁴

68 1116 176 1147 convertar,
194 1100 261 1151 Lugd.
274 1102 293 1140 2.
307 1100 363 1138 Brix.
379 1102 485 1145 convenir,
504 1099 554 1139 Brit.
565 1102 583 1140 1.
594 1101 646 1139 Van.
661 1116 788 1150 convenere,

67 1153 118 1192 Brit.
129 1155 148 1193 2.
163 1155 293 1200 convenire,
312 1153 368 1189 Gon.
379 1167 423 1191 euin
437 1154 543 1199 venirent,
562 1154 787 1200 cant.cumvenerunt‚

67 1205 114 1244 Ald.
126 1208 143 1244 1.
155 1207 174 1243 2.
189 1207 239 1241 Βοη.
250 1205 305 1240 lunt.
316 1219 360 1241 cum
369 1219 453 1247 venere5
475 1215 565 1253 quarum
578 1207 703 1243 varietatum
717 1206 788 1256 plures

64 1257 154 1306 vestigia
169 1256 266 1294 referunt
275 1254 404 1306 ¹antiquioris
419 1254 535 1306 scripturae
549 1270 614 1308 quom.
644 1256 704 1306 (Vid.
717 1256 788 1296 Praef.

121 1361 179 1402 1081.
205 1334 599 1412 ueram...p..z0.a.e111‚1007.
613 1362 646 1407 IV,
652 1360 709 1401 1036.
722 1360 746 1410 v,
754 1357 787 1401 46.

355 1443 504 1452 ---———.

329 1486 464 1526 LIBRO
496 1487 527 1526 Il.

121 1567 153 1606 12.
168 1565 199 1605 13.
215 1565 333 1616 paullulum
343 1565 418 1603 variati
431 1564 521 1602 redeunt
533 1567 571 1613 Ill,
585 1567 617 1607 62.
630 1567 663 1608 63,

121 1619 164 1658 16.·
180 1622 250 1657 videre
259 1619 304 1666 est]
318 1617 360 1656 vid.
371 1616 435 1654 etiam
447 1617 474 1653 ad
484 1620 510 1663 ll,
521 1614 567 1657 499.

120 1670 153 1708 22.
180 1670 267 1718 multas]
282 1670 311 1706 sic
321 1670 371 1707 Hav.
382 1675 402 1705 et
412 1667 473 1708 Wak.
486 1680 534 1706 cum
544 1667 648 1720 omnihUS,
661 1674 686 1707 ut
697 1666 786 1717 videtur,

68 1719 134 1760 libris.
161 1722 234 1763 Lamh.
247 1720 289 1759 Gif.
300 1721 368 1758 Faber
378 1720 455 1770 aliique
465 1722 540 1759 nullas.

119 1772 152 1812 41.
179 1775 208 1810 De
219 1773 290 1810 forma
295 1773 379 1825 fervere
390 1774 409 1811 3.
421 1771 504 1822 coniug.
516 1771 563 1809 vide
574 1772 601 1810 ad
613 1774 637 1822 V,
650 1773 708 1813 1093.

119 1824 159 1864 52.
179 1828 244 1864 omnis
257 1846 282 1854 -
294 1823 399 1876 potestas]
419 1824 449 1862 sic
460 1825 512 1862 Hav.
523 1829 545 1860 et
555 1824 615 1862 Walr.
632 1837 681 1862 cum
689 1823 786 1874 plurimis

67 1874 133 1913 libris.
160 1876 230 1927 Vulgo,
240 1892 329 1915 omne-
337 1887 429 1928 egestas,
444 1886 508 1926 quam
517 1874 632 1913 lectionem
644 1876 707 1913 etiam
717 1879 786 1915 Burm.

69 1927 95 1963 ad
106 1928 163 1980 Virg.
177 1935 224 1966 Aen.
235 1930 259 1974 V,
271 1929 317 1969 751.
334 1927 434 1967 defendit.
460 1926 501 1964 Sed
511 1943 567 1966 omne
582 1927 665 1965 nonnisi
681 1928 703 1964 in
713 1928 757 1967 Ald.
767 1930 786 1968 1.

68 1980 88 2016 2.
99 1981 149 2017 Bon.
161 1982 224 2024 lunt..
239 1986 260 2029 et
270 1991 351 2030 egestas
360 1985 445 2017 tantum
455 1979 477 2016 in
488 1979 604 2020 eoaflert.
614 1980 721 2027 Lambini,
737 1981 785 2018 Brit.

70 2032 87 2070 l.
100 2037 120 2068 et
130 2030 204 2069 iisdem
215 2031 273 2069 editt.
285 2031 370 2082 legitur.
537 2032 539 2034 ’

120 2084 154 2123 78.
181 2086 241 2122 Hunc
251 2096 334 2121 versum
343 2083 411 2121 Faber
418 2089 498 2121 temere
508 2088 556 2133 post
567 2096 586 2125 v.
591 2083 623 2125 75.
633 2083 679 2122 vult
687 2082 786 2134 positum.

122 2133 153 2174 81.
173 2136 246 2185 sorte]
262 2137 328 2174 Bentl.
340 2135 429 2173 coniecit
437 2136 496 2187 forti·
690 2163 692 2165 v
745 2152 747 2154 ·

122 2185 148 2225 94
160 2199 185 2228 ss.
213 2188 272 2226 Gonf.
282 2186 366 2237 Epicuri
378 2189 462 2237 Fragm.
471 2186 487 2225 l.
499 2187 535 2224 Xl.
547 2184 587 2225 col.
597 2187 617 2225 2.

67 2260 89 2270 ω
121 2238 154 2277 98.
182 2240 207 2279 ab
219 2241 274 2290 ictu]
290 2238 348 2277 Gonf.
359 2245 439 2278 annott.
451 2237 478 2276 ad
488 2239 504 2286 J,
514 2234 559 2278 934.
571 2243 592 2275 et
602 2237 637 2286 VI,
647 2238 692 2279 710.

67 2299 69 2301 ’
122 2290 166 2329 117.
192 2292 267 2329 Versus
282 2291 428 2341 hypermeter,
441 2297 465 2328 ut
481 2292 513 2337 IV,
529 2289 561 2328 77.
578 2295 599 2327 et
611 2292 646 2335 IV,
661 2292 718 2330 1106.
737 2289 786 2338 (uhi

69 2339 110 2378 vid.
122 2343 216 2390 annott.)
232 2344 278 2380 Non
289 2344 368 2380 mirum
378 2342 453 2393 igitur,
467 2341 521 2378 illud
532 2356 570 2393 que
581 2341 603 2378 in
612 2341 654 2378 fine
664 2353 735 2379 versus
746 2341 786 2380 ab·
844 2377 845 2385 ἶ

70 2404 114 2430 esse
125 2406 137 2430 a
149 2393 282 2433 Vind.·l³00r.
296 2395 345 2434 Brit.
356 2397 375 2434 1.
386 2397 406 2434 2.
416 2395 435 2434 3.
447 2392 499 2433 Bria.
509 2394 557 2432 Ver.
568 2392 621 2433 Ven.

122 2445 181 2488 1365:
193 2449 258 2499 Ipsa]
273 2446 345 2488 Gifan.
355 2446 410 2486 coni.
420 2450 473 2497 Icta,
488 2442 733 2498 quodssent1.prohavit.
754 2498 756 2501 Ι
