1690 2654
216 100 258 141 tu
274 99 410 141 LIBRUM
426 99 602 153 QUARTUM.
725 95 774 142 363

55 218 132 255 lemur,
146 203 196 247 Sim.
212 208 295 248 Rosius:
309 232 335 240 -
349 212 386 250 uit.
400 212 476 250 vetem.
493 212 537 249 uiae
546 209 643 262 Effugere
657 206 684 256 (i.
695 220 712 247 e.
726 207 774 247 vide

54 266 79 297 ut
90 260 192 311 effugias)
205 277 244 302 err.
255 265 361 316 vitareque
365 273 542 317 praemetuenter‚
554 261 638 301 Pallen:
652 283 677 290 -
689 264 727 301 uit.
741 263 774 300 vi-

54 322 99 351 tare
112 325 221 361 memento,
245 315 285 366 Effi
303 317 422 367 illorumque
437 331 476 354 err.
490 324 663 366 praemetuenter,
688 313 773 352 Vossius

53 363 98 402 vel:
111 385 138 391 -
150 367 187 405 uit·
198 367 274 405 veliem.
283 369 348 406 inesto
360 369 401 418 Eff
412 383 451 406 err.
460 368 566 419 vitareque
573 369 729 418 praestamenti,
741 377 772 414 ut,

53 415 98 454 vel:
112 438 138 444 —
151 419 188 455 uit·
202 420 278 457 vetem.
293 433 352 457 nosse
369 424 397 456 Et
407 419 485 471 fugere
501 433 539 456 err.
555 422 661 469 vitareque
673 433 772 470 praeme-

54 479 145 511 tuenter,
164 468 269 506 Gronov.:
287 489 314 496 —
329 473 367 507 vit.
382 472 459 508 vetem.
477 472 542 507 inesto
558 469 598 519 Eff
614 484 652 507 err.
666 472 772 524 vitareque

51 530 221 572 praemetuenter.
247 519 308 560 Wak.
325 527 406 559 censet:
421 519 497 569 „Nihil
514 518 553 556 erit
570 519 697 557 difficultatis
713 521 771 571 loco,

54 569 255 608 dissimilitudinihus
270 571 387 610 lectionum
403 578 424 609 et
438 571 494 609 male
507 570 632 609 feriatorum
650 572 772 612 criticorum

52 622 139 661 licentia
151 622 297 672 vexatissimo,
309 623 327 661 si
342 629 469 670 statuamus,
483 622 606 661 Lucretium
619 620 643 663 τὸ
657 626 771 675 incaepto

53 678 150 714 interesse
157 674 191 711 vet
201 677 251 714 utile
261 690 304 714 esre
313 675 443 714 adhibuisse:
459 674 516 726 quod
526 674 602 712 melius
610 682 693 725 putem,
708 689 772 727 quam

54 727 119 764 Codd.
131 725 279 764 sincerissimos
289 727 420 776 proculcare.
435 729 464 764 De
473 727 515 764 lioc
523 726 581 764 modi
590 727 688 765 infinitivi
699 726 772 778 [quem

51 780 104 817 Har.
110 790 192 829 quoque
202 790 262 816 more
269 780 400 817 Graecorum
408 791 447 828 pro
456 778 582 829 imperativo
591 779 685 828 positum
692 780 771 830 habet]

52 842 92 868 usu
106 830 129 868 in
144 830 260 881 praeceptis
274 830 423 877 enunciandis,
436 843 474 868 nos
488 830 568 868 affatim
581 830 731 882 disputavimus
744 833 771 870 ad

53 882 102 920 silv.
114 882 163 920 cut.
173 885 206 920 Ill.
218 895 238 932 p.
247 883 279 923 37.
288 884 324 923 IV.
333 896 353 933 p.
362 884 425 923 136.“
452 883 529 920 Fateor
539 888 623 930 tamen,
636 883 689 920 haec
700 884 772 923 omnia

51 934 104 972 mihi
114 946 190 984 parum
199 934 330 983 satisfacere,
343 934 380 972 sed
390 933 462 980 ulcus,
475 933 510 971 cui
521 933 613 971 sanando
624 946 659 972 me
667 935 773 984 imparem

52 986 126 1034 sentio,
139 986 191 1022 mihi
202 986 270 1023 videri
282 986 343 1024 altius
353 985 435 1024 sedere.
452 988 526 1023 Sensus
537 985 594 1023 haud
606 985 669 1023 dubie
680 986 715 1024 hic
727 999 771 1025 esse

53 1038 125 1076 dehet:
139 1037 196 1075 Illud
210 1037 285 1076 vitium
297 1037 435 1076 vehementer
451 1037 554 1088 effugere,
567 1038 624 1074 hunc
636 1050 731 1077 errorem
740 1039 772 1076 vi-

51 1096 97 1129 tare
109 1095 202 1139 oportet,
217 1102 244 1127 ne
256 1089 322 1128 facias
331 1095 383 1138 etc,
398 1101 461 1140 quern
472 1089 489 1126 si
501 1089 546 1139 quis
556 1088 678 1127 coniectura
687 1103 730 1129 non
739 1090 772 1128 ni-

51 1141 91 1180 mis
102 1141 176 1179 audaci
184 1142 296 1180 restituere
306 1140 387 1188 valcat,
399 1140 456 1179 hunc
470 1140 496 1179 de
508 1140 606 1179 Lucretio
617 1142 695 1193 optime
705 1142 771 1181 meri-

51 1199 98 1233 tum
108 1192 237 1242 praedicem.

103 1247 149 1285 826.
175 1248 215 1291 ne]
230 1243 287 1282 Bodl.
299 1243 348 1281 Brit.
356 1246 376 1284 2.
387 1259 434 1292 non,
448 1248 472 1280 ut
482 1242 540 1285 editt.
553 1242 657 1295 quaedam
667 1244 771 1295 vulgares.

20 1324 23 1325 ν
104 1298 149 1337 328.
164 1296 269 1348 fastigia]
279 1295 309 1333 sic
320 1295 353 1333 Pii
363 1295 428 1334 Codd.
438 1295 504 1347 Lugd.
512 1298 530 1335 1.
536 1297 555 1335 2.
567 1296 628 1332 Vind.
641 1295 688 1336 Brit.
695 1299 712 1335 1.
720 1298 739 1346 *)
751 1298 770 1338 3.

19 1377 22 1379 -
52 1350 113 1389 Cant.
129 1351 184 1386 Iunt.
199 1348 245 1386 Ald.
255 1349 286 1393 33
301 1347 359 1386 Bodl.
371 1347 423 1386 Brix.
435 1348 482 1385 Ver.
494 1348 544 1384 Ven.
555 1346 601 1384 Ald.
613 1348 631 1385 1.
643 1349 693 1386 Bon.
703 1351 770 1388 uesti-

50 1405 93 1455 gia,
107 1401 169 1438 Poor.
179 1399 228 1437 Brit.
237 1400 257 1438 2.
267 1399 301 1446 **)
315 1400 423 1451 suffiagia,
437 1398 494 1449 quod
503 1396 564 1437 Wak.
574 1398 636 1435 unice
646 1411 719 1437 verum
731 1411 770 1450 pu-

51 1459 91 1501 tat,
104 1457 125 1490 ct
132 1449 275 1489 vetustissimis
285 1450 401 1500 adhibitum
411 1462 450 1499 pro
461 1450 590 1503 suffragines,
604 1449 618 1490 i.
631 1462 649 1490 e.
660 1463 713 1501 quae
720 1452 770 1497 eud·

44 1504 172 1557 funguntur
181 1502 214 1541 vet
223 1505 383 1556 sutflectuntur,
396 1508 420 1539 ut
430 1507 528 1540 accurate
539 1501 666 1553 respondeat
676 1503 770 1542 Graeco-

50 1569 99 1595 rum
111 1553 211 1605 κάμπαις.

103 1609 152 1647 830,-
176 1606 231 1656 tum]
244 1604 277 1643 Pii
291 1603 354 1643 Codd.
368 1620 418 1651 nec,
431 1603 491 1643 Wak.
506 1603 622 1656 probante3
635 1604 694 1646 Bodl.
705 1605 768 1645 Vind.

50 1660 111 1700 Poor.
123 1659 172 1697 Brit.
183 1661 203 1700 3.
218 1660 274 1698 Cant.
284 1657 337 1695 Brix.
347 1659 395 1695 Ver.
408 1658 459 1695 Ven.
469 1655 514 1695 Ald.
526 1659 544 1696 t.
556 1658 606 1697 Bon.
618 1672 673 1705 cum,
686 1657 736 1697 Brit.
749 1659 769 1698 1.

51 1713 71 1751 8.
83 1727 151 1764 prtum.
164 1707 191 1738 ‘-
204 1709 267 1763 αμα]
282 1711 342 1749 Poor.
354 1708 404 1748 Brit.
414 1711 433 1748 1.
443 1710 463 1748 2·
476 1710 535 1746 cant.
549 1719 603 1747 acta.

103 1764 148 1803 831.
175 1761 302 1811 Praepositio
317 1776 331 1800 a
349 1761 407 1799 deest
424 1760 521 1798 omnihus
536 1759 595 1798 libris
606 1765 691 1811 praeter
706 1760 770 1801 Vind.

50 1813 97 1852 Ald.
109 1817 127 1854 1.
137 1817 156 1853 2.
165 1815 216 1850 Bon.
227 1816 280 1853 lunt.
290 1812 351 1851 Wak.
362 1812 479 1861 suspicatur
488 1828 499 1851 e
505 1822 574 1864 parte.

103 1866 148 1905 832.
173 1879 278 1917 possemus
291 1863 352 1901 Wak.
364 1863 458 1901 restituit
474 1875 485 1900 e
499 1861 597 1911 plurimis
613 1861 683 1909 libris;
706 1863 769 1915 vulgo

47 1919 162 1970 possimus,
175 1922 199 1954 ut
211 1914 272 1956 Vind.
282 1914 327 1955 Ald.
338 1917 356 1955 1,
368 1916 387 1956 2.
397 1917 447 1954 Bon.
459 1915 514 1952 lunt.

104 1968 149 2006 833.
171 1967 293 2019 pretamur]
307 1969 368 2005 Poor.
376 1977 485 2020 petantur,
498 1963 588 2016 Lugd.2.
598 1963 656 2002 Bcdl.
667 1963 715 2002 Brit.
725 1966 742 2004 1.
749 1965 769 2004 2.

50 2018 99 2056 Ver.
115 2019 166 2055 ven.
183 2018 228 2058 Ald.
237 2020 255 2058 1.
272 2022 322 2056 Bon.
336 2030 454 2070 precantur.
482 2019 511 2053 De
524 2015 585 2054 tmesi
596 2022 679 2064 antem,
694 2017 716 2053 in
727 2018 770 2054 Lu-

51 2068 117 2108 cretio
131 2068 188 2107 haud
201 2082 262 2120 rara,
278 2069 357 2108 dictum
372 2076 402 2107 est
414 2069 440 2106 ad
450 2070 470 2115 Ι,
482 2068 526 2108 652.
544 2074 565 2106 et
577 2067 634 2106 alibi.
661 2068 721 2106 Wak.
733 2068 769 2107 hic

51 2120 137 2171 quidem
148 2128 257 2172 comparat
267 2122 328 2159 Ennii
337 2122 414 2171 fragm.
424 2119 479 2172 apud
490 2118 581 2158 Nonium
591 2122 625 2167 Ill,
636 2121 669 2160 33.
686 2120 724 2170 (de
733 2131 769 2158 me

51 2175 157 2218 hortatur,
174 2173 230 2209 unde
249 2174 353 2211 Columna
371 2173 422 2211 fecit
438 2174 568 2216 dehortatur,
589 2172 664 2209 omisso
681 2173 726 2221 me)
748 2177 769 2209 et

50 2226 168 2265 Varronem
177 2225 202 2261 Il.
213 2226 237 2263 B.
249 2226 288 2274 ΙΙΙ,
299 2225 318 2264 4.
330 2227 347 2275 §.
360 2227 376 2265 l.
388 2225 477 2264 excande
487 2223 630 2274 mefecerunt.
657 2253 664 2260 .

102 2274 149 2316 835.
175 2276 213 2313 Nil
227 2278 271 2316 idco
286 2276 342 2326 (sive
350 2278 411 2317 Nihil
420 2279 475 2325 ideo,
488 2279 513 2313 ut
521 2274 583 2314 Wals.
594 2272 689 2325 scripsit)
704 2285 768 2325 prae-

51 2368 205 2380 ——u———-

77 2423 98 2474 *)
111 2422 142 2471 **)
171 2424 191 2461 Si
203 2428 264 2464 recte'
271 2440 370 2480 auguror.
385 2428 444 2470 Wak.
455 2429 512 2468 enim
524 2428 573 2468 Brit.
584 2430 603 2470 ἓ.
614 2426 719 2479 duplicem
729 2425 767 2464 tri·

103 2475 148 2512 huit
157 2474 278 2530 lectionem,
288 2487 309 2518 et
317 2483 366 2525 Brit.
378 2484 396 2524 1.
406 2494 491 2535 prorsus
501 2480 587 2522 omittit.
