1690 2654
362 82 473 127 ursus
491 81 515 128 n
544 104 547 107 ι
747 64 813 139 115v

130 199 209 240 Solibus
218 195 309 245 assiduis,
321 195 386 237 multa
394 195 474 247 pulsata
483 192 557 246 pedum
569 193 597 249 vi,

128 251 218 293 Pulueris
226 250 306 290 exhalat
314 249 408 288 nebulam
418 247 526 297 uubeisque
534 247 636 298 volenteis,

128 305 184 354 Quas
192 304 266 343 validei
274 305 316 341 toto
326 300 441 351 dispergunt
452 301 499 338 aire
507 299 584 339 veutcir
594 304 596 308 “
741 308 742 311 ’
754 298 795 342 255
805 314 807 317 ⁴

128 357 178 396 Pars
190 356 251 394 etiam
261 355 366 405 glebarum
378 351 513 390 addiluviem
522 354 627 392 revocatur
645 387 648 391 .

127 408 233 454 Imbribus,
246 410 266 445 et
277 405 331 455 ripas
341 402 524 456 radentiatlumiua
533 403 612 442 rodunt.

112 480 117 484 ·
127 461 239 506 Praeterea,
250 469 289 508 pro
299 458 357 507 parte
368 468 410 503 sua3
419 455 574 507 vquodquomque
583 454 624 494 alid
634 459 702 509 auget,
750 485 754 487 —

128 511 225 551 Roditur:
238 514 258 549 et
268 509 362 558 quonium
372 507 513 557 durioprocul
523 520 566 546 esse
573 507 652 547 videtur

117 564 119 568 “
128 563 258 612 Omnipareus
267 562 335 599 eadem
343 573 410 609 rerum
418 572 522 598 commune
530 560 660 610 sepulerumr
753 561 793 602 260

67 625 70 627 “
127 615 184 666 Ergo
192 618 245 653 terra
252 612 290 653 tibi
298 612 379 661 libatur,
393 616 412 652 et
420 615 479 652 aucta
489 612 588 651 reerescit.

143 679 145 682 ’
154 667 212 717 Quod
223 668 316 716 superest,
328 666 413 704 humore
421 667 473 703 uovo
483 677 545 713 mare,
558 664 647 713 flumina,
658 663 730 706 fonteis

88 731 90 735 ¹
127 717 327 769 Semperabuudare,
341 721 361 756 et
371 717 532 759 laticcsmauare
540 718 649 767 perennem,

127 771 162 812 Nil
173 784 221 822 opus
232 774 262 810 est
270 769 347 817 verbis;
360 782 444 821 magnus
455 769 548 808 decursus
556 782 654 819 aquarum

127 824 218 873 Undique
227 822 324 862 declarat:
337 822 371 861 sed
382 822 476 872 primum
485 821 586 871 quidquid
596 822 667 872 aquui'
706 857 707 860 ,
751 820 792 863 265

127 875 220 924 Tollitur,
232 875 253 914 iu
265 886 381 922 summaque
389 875 418 922 fit,
431 877 456 912 ut
463 873 518 912 nihil
526 874 599 913 humor
609 873 707 923 abundet3

126 924 209 975 Partim,
221 926 362 977 quodralidei‚
374 928 473 965 verrentes
486 937 578 977 aequora,
591 925 658 967 ventei

126 980 252 1027 Demiuurmt,
265 978 364 1028 radiisque
371 977 460 1017 retexens
469 978 569 1017 aetherius
579 979 620 1027 sol;

126 1032 210 1080 Partim,
224 1031 275 1081 quod
284 1031 351 1069 subter
359 1042 395 1080 per
403 1033 466 1069 terras
475 1029 551 1071 diditur
558 1030 640 1073 omneis.

126 1083 241 1123 Percolatur
251 1082 304 1121 euim
313 1082 480 1131 virusqretroque
488 1085 579 1122 remanat
751 1081 791 1123 27⁰

126 1135 221 1174 Materies
230 1133 327 1182 humoris,
340 1138 360 1172 et
370 1135 396 1173 ad
405 1138 464 1184 caput
473 1134 563 1180 amnibus
572 1134 636 1174 omnis

127 1186 233 1235 convenia
244 1186 290 1225 inde
297 1198 356 1236 super
366 1185 484 1225 terrasfluit
493 1184 573 1237 agmine
582 1187 643 1236 dulci,
720 1207 722 1209 v

50 1256 52 1259 >
127 1239 173 1290 Qua
181 1237 216 1278 via
225 1242 281 1287 secta
289 1238 351 1278 semel
361 1238 437 1288 liquido
450 1238 500 1288 pede
509 1239 578 1278 detulit
590 1241 659 1280 undas.

152 1288 205 1330 Adra
214 1304 266 1330 nuno
274 1289 337 1342 igitur
345 1289 417 1339 dicam,
430 1290 478 1340 quid
487 1303 569 1341 corpore
582 1294 625 1332 toto
649 1291 651 1293 ’

126 1342 298 1383 Innumerabiliter
308 1343 376 1393 privas
386 1345 475 1382 mutatur
484 1341 585 1383 inboras:
613 1372 615 1375 -
748 1341 789 1384 225

79 1446 81 1448 Ι
127 1394 211 1445 Semper
221 1395 281 1444 euim,
294 1391 496 1445 quodquomquetluit
503 1394 528 1433 de
538 1394 706 1491 rebfflomue

126 1447 184 1487 Aeris
193 1446 214 1486 iu
221 1460 318 1499 magnum
329 1449 393 1487 fertur
399 1459 468 1495 mare3
481 1446 515 1497 qui
523 1447 562 1487 uisi
571 1460 594 1496 c„
617 1451 629 1460 '⁶
638 1451 648 1461 “”
662 1496 665 1499 ,
678 1450 706 1489 ·’,’,’.

127 1499 320 1549 Corpora'retribuat
328 1499 393 1547 rebus,
406 1502 520 1549 recreetque
529 1488 655 1551 flueut'd‘rsffi'
668 1506 670 1508 '
723 1515 727 1519 ¹

127 1549 204 1590 Omnia
212 1550 254 1591 iam
262 1552 350 1592 resoluta
359 1552 425 1600 forent
437 1554 456 1590 et
465 1550 486 1590 in
498 1552 546 1590 adra
556 1557 623 1592 uorsa.

126 1602 187 1642 Haud
195 1602 259 1655 igitur
271 1604 337 1651 cessat
343 1602 401 1655 gigni
411 1603 501 1642 derebus
512 1606 531 1642 et
541 1603 563 1643 in
572 1615 607 1648 res·
748 1602 789 1644 280

126 1653 223 1696 Recidere
235 1654 324 1705 assidue,
338 1655 431 1705 quoniam
441 1655 504 1705 fluere
514 1656 581 1695 omnia
591 1656 679 1696 constat·

152 1708 229 1759 Largus
239 1708 288 1747 item
296 1707 418 1758 liquidi-fons
428 1706 515 1759 luminis,
528 1708 627 1749 aetherius
635 1708 672 1759 sol,

125 1757 199 1811 Irrigat
207 1759 285 1799 assidue
295 1761 373 1799 coelum
383 1760 467 1799 candore
474 1760 555 1809 receuti,

125 1810 280 1862 Suppeditatquc
291 1818 343 1850 novo
354 1811 457 1851 confestim
465 1812 542 1851 lumine
550 1813 625 1853 lumen.

125 1862 177 1902 Nam
188 1863 275 1912 primum
285 1863 472 1914 quidquid'fulgoris
482 1863 563 1914 disperit
573 1863 599 1912 ei,
748 1861 788 1904 285

126 1914 270 1966 Quoquomque
278 1915 364 1954 accidit:'
371 1916 392 1954 id
402 1915 449 1955 licet
459 1915 508 1968 binc
520 1927 639 1967 cognoscere
648 1916 718 1968 possm,
744 1921 745 1924 ’

126 1967 191 2015 Quod,
204 1968 296 2006 simulac
307 1967 393 2018 primum
402 1968 463 2006 nubes
472 1968 575 2006 succedere
583 1968 628 2017 soli¹
660 1990 663 1995 -

128 2018 220 2069 Cocpere,
234 2023 255 2059 et
263 2020 329 2059 radios
338 2019 388 2058 iuter
393 2019 455 2069 quasi
464 2032 556 2070 rumpere
566 2019 624 2068 lucis,
652 2043 654 2045 -
702 2044 704 2048 ·

125 2069 231 2121 Extemplo
238 2071 321 2110 interior
331 2074 377 2122 pars
388 2072 461 2109 hormn
471 2072 552 2121 disperit
562 2072 632 2120 omnis,

63 2162 65 2164 ,
126 2119 228 2172 Terraque
236 2123 366 2172 inumbratur,
380 2136 419 2173 qua
427 2123 501 2162 uimbei
512 2126 719 2176 quomqueferuntur3
748 2125 787 2167 290

125 2171 240 2222 lltnoscas,
252 2176 354 2224 splendore
362 2188 413 2214 nouo
424 2188 455 2214 res
467 2187 544 2224 semper
554 2187 620 2226 egere,
653 2179 655 2181 ’
765 2185 768 2190 ’

124 2223 152 2263 Et
160 2225 247 2274 primum
255 2227 330 2266 iactum
339 2227 423 2278 fulgoris
433 2225 529 2276 quemque
541 2227 617 2277 perirc;

125 2274 165 2314 Nec
173 2278 250 2316 ratione
259 2278 300 2318 alia
309 2292 341 2329 ¹res
351 2291 410 2328 possa
417 2277 438 2316 iu
447 2280 489 2317 sole
497 2279 567 2327 uideri,

124 2325 223 2377 Perpetuo
233 2330 255 2368 ni
265 2329 372 2380 suppeditet
380 2329 430 2369 lucis
439 2334 503 2381 caput·
509 2331 581 2381 ipsum.

135 2409 138 2413 .
150 2379 204 2428 Quin
215 2381 275 2420 etiam
286 2387 381 2421 nocturna
390 2382 433 2431 tibi,
446 2383 547 2422 terrestria
556 2395 607 2434 quae
618 2386 670 2434 sunt,
746 2382 785 2423 295

96 2470 98 2474 ¹
124 2427 215 2477 Lumina,
222 2434 331 2481 *pendentes
342 2434 427 2484 lychno,
442 2436 546 2484 claraeque
556 2436 642 2476 coruscis

125 2479 252 2532 Fulguribus‚
264 2484 349 2536 pingues
357 2487 420 2526 multa
430 2484 515 2538 fuligine
523 2487 579 2527 tedae
