1690 2654
275 66 280 69 -
325 15 433 89 arona
463 46 492 88 u
721 46 766 91 131

2 189 5 218 t
61 141 62 144 Ἴ
93 155 142 197 'Sed
155 155 222 199 tacitei
233 145 370 207 respectabant
382 158 488 206 somnoque
500 154 590 204 sepultet,

104 211 157 249 Dum
169 222 227 249 rosea
239 210 283 248 face
295 211 326 248 sol
337 209 419 247 interret
428 207 507 245 lumina
520 208 581 245 coelo.

104 263 122 300 A
134 262 203 311 parvis
216 262 269 310 quod
283 260 336 298 enim
348 263 464 298 consuerant
476 271 555 296 eernere
568 271 651 310 semper,
728 257 768 299 975

104 314 186 352 Alterno
199 313 287 351 tenebras
300 316 320 350 et
331 312 397 349 lucem
409 313 499 358 tempore
511 309 575 359 gigni,
595 334 596 337 =
620 349 622 351 ,

103 364 148 402 Non
159 364 209 410 erat,
221 367 244 400 ut
256 362 300 401 ficri
313 366 384 411 posset,
397 360 489 398 mirarier
501 372 594 408 unquam,

104 415 145 454 Nec
157 414 253 458 diffidere,
267 425 292 450 ne
304 416 367 450 terras
380 416 460 449 aeterna
473 414 548 449 teneret
593 448 596 452 .

106 465 156 511 Non,
169 464 318 513 inperpetuum
331 464 417 502 detracto
428 462 505 501 lumine
517 461 570 500 solist
587 470 588 473 ’

104 516 144 567 Sed
156 516 221 566 magis
233 515 283 553 illud
295 516 337 554 erat
351 528 415 561 curae,
428 515 480 563 quod
493 514 545 552 secla
557 513 646 554 feramur
729 513 768 555 989

102 567 198 607 Intestam
210 566 298 605 misereis
312 566 411 605 faciebant
423 578 481 616 saepe
495 565 593 616 quietem;

98 619 219 669 ,uinctoque
232 620 296 666 domo,
309 618 414 669 fugiebant
426 630 486 658 saxea
502 620 558 656 tecta*

105 670 220 721 spumigeri
231 670 373 713 suisadvcntu'
381 669 481 719 validique
493 668 566 717 leonis;

77 764 80 767 ,
105 723 168 771 Atque
180 723 297 771 intempesta
309 722 403 761 cedebant
414 725 471 760 nocte
482 723 576 770 paventes

105 773 223 824 Hospitibus
235 772 311 813 saeveis
323 773 406 812 instrata
418 773 493 812 cubilia
505 772 581 811 fronde.
729 770 779 821 985Ῠ

130 825 172 865 Nee
183 824 244 864 nimio
257 829 300 864 tum
311 827 361 876 plus,
374 837 435 875 quam
447 837 505 874 nune,
517 821 610 874 mortalia
625 823 677 864 secla

104 877 175 916 Dulcia
186 877 302 926 linquebant
308 877 403 916 'lamentis
415 876 493 925 lumina
505 875 566 915 vitoe.

108 930 162 968 Unus
174 928 227 967 euim
239 932 281 968 tum
294 929 376 978 quisque
388 926 454 978 magis
466 928 571 977 deprensus
584 938 662 980 eornm,

106 980 184 1019 Pabula
196 980 243 1019 'viva
255 980 313 1019 foreis
325 980 438 1030 praebebat,
450 978 540 1018 dentibus
552 979 648 1025 baustum
721 1012 723 1016 .

105 1032 133 1071 Et
144 1044 225 1070 nemora
237 1044 261 1069 ac
273 1032 356 1069 monteis
371 1031 449 1081 gemitu
463 1032 567 1082 sylvasque
580 1031 676 1081 replebat,
728 1028 769 1069 999
838 1044 841 1047 ¹

105 1083 156 1121 Vivo
167 1083 235 1129 uidens
247 1082 294 1127 vivo
306 1082 474 1132 sepeliriuisoera
485 1083 550 1121 busto.

105 1134 132 1175 nt
144 1146 192 1182 quus
204 1132 409 1184 effugium'servarat
422 1146 505 1185 corpore
516 1133 582 1182 adeso,
667 1172 670 1178 ,

105 1185 212 1233 Posterius,
225 1186 319 1224 tremulas
332 1185 391 1234 super
402 1185 471 1225 ulcera
483 1189 533 1226 tetra
545 1187 631 1228 tenentes
648 1189 652 1192 ’

104 1237 189 1286 Palmas,
201 1237 305 1275 horriferis
318 1238 408 1278 accibant
419 1238 500 1276 vocibus
514 1238 599 1276 Oreum:

105 1287 193 1338 Denique
206 1301 239 1327 eos
251 1288 293 1327 vita
305 1288 408 1338 privarunt
419 1288 588 1335 vermina‘saeva,
728 1286 768 1328 995

105 1338 207 1389 Experteis
220 1339 269 1390 opis,
282 1339 363 1391 ignaros
375 1339 423 1391 quid
435 1341 516 1380 volnera
527 1340 621 1379 vellent..

132 1392 158 1429 At
170 1404 209 1430 non
219 1393 284 1432 multa
295 1392 362 1431 virum
374 1394 410 1432 sub
423 1392 485 1443 signis
497 1392 561 1430 millia
573 1392 633 1432 dueta

105 1443 150 1480 Una
163 1443 204 1481 dies
217 1445 276 1482 dabat
289 1444 360 1483 exitio:
371 1457 408 1482 neo
420 1444 499 1484 turbida
509 1443 566 1494 ponti
642 1481 646 1488 ,

106 1494 199 1544 Aequora
210 1496 314 1540 laedebant
324 1495 393 1535 naveis
405 1495 431 1535 ad
443 1508 490 1542 sara
504 1497 606 1546 virosque=

106 1545 147 1585 Nee
159 1550 233 1586 temere
245 1547 342 1586 incassum
354 1548 428 1587 trustra
440 1559 495 1587 mare
506 1560 565 1598 saepe
573 1550 666 1599 *coortum
714 1545 767 1587 loeo

79 1637 81 1641 ,
107 1597 208 1646 Saeuum,
220 1599 327 1648 leuiterque
339 1599 403 1638 minas
413 1601 499 1649 ponebat
508 1599 592 1646 inaneis3

107 1648 148 1688 Nec
160 1653 238 1700 poterat
250 1663 368 1700 quemquam
378 1651 548 1702 placidipellacia
559 1650 615 1702 ponti

95 1709 96 1712 ’
109 1700 198 1741 Subdola
209 1703 302 1753 pellicere
313 1701 438 1742 iu'fr'audem
449 1704 557 1743 ridentibus
569 1702 639 1752 undis;
691 1742 692 1745 ,

106 1752 198 1802 Improba
212 1754 288 1806 navigii
300 1754 351 1794 ratio
363 1758 406 1793 tum
419 1767 478 1795 caeca
489 1756 573 1797 iacebat.

107 1805 160 1843 Tum
172 1806 255 1855 penuria
267 1804 336 1845 deinde
347 1807 390 1845 cibi·
402 1808 516 1858 languentia
528 1809 569 1846 leto
714 1802 767 1846 10⁰5

108 1855 200 1896 Membra
213 1858 280 1896 dabat:
294 1861 362 1897 contra
371 1857 426 1897 'uuu'e
437 1872 503 1898 rerum
515 1858 572 1909 eopia
584 1860 662 1898 mersat.
683 1885 686 1890 ·

108 1906 161 1946 Ollei
173 1909 306 1960 imprudentes
317 1910 367 1960 ipsei
375 1909 417 1954 sibi
429 1923 596 1961 saepessrenenum

107 1959 229 2011 vergebant:
242 1974 292 2000 nuuc
305 1962 351 2000 dant
361 1960 419 2001 alieis
431 1962 529 2002 sollertius
541 1962 597 2012 ipsei.

2 1987 15 2016 ξ’
76 2029 79 2034 «
132 2012 179 2052 Inde
192 2025 246 2052 casas
258 2016 362 2064 postquam
374 2026 398 2052 ae
409 2015 479 2064 pellcis
490 2014 596 2066 ignemque
609 2016 710 2065 pararunt,

106 2062 133 2100 Et
145 2066 223 2113 mulier,
236 2065 340 2104 coniuncta
352 2065 403 2113 viro,
419 2066 512 2105 concessit
524 2066 546 2104 iu
557 2079 625 2116 uumu,
714 2065 767 2107 1010
828 2068 829 2071 ’

107 2113 204 2166 Castaque
217 2117 307 2167 privatae
319 2117 398 2157 Veneris
404 2113 507 2157 ‘connubia
519 2119 572 2158 laeta

108 2166 192 2217 Cognita
205 2173 256 2217 sunt,
269 2170 383 2219 prolemque
393 2178 420 2208 'er
431 2174 453 2208 se
464 2170 532 2208 videre
544 2173 643 2218 creatam3
671 2201 673 2208 Α

107 2217 161 2257 'I'um
173 2224 235 2271 genus
248 2222 358 2260 humanum
370 2221 460 2275 primunr
468 2223 583 2261 mollescere
595 2223 669 2275 coepitr

106 2268 161 2324 Ignis
174 2273 227 2310 enim
239 2273 323 2325 curavit,
335 2278 358 2312 ut
371 2273 421 2317 alsia
432 2286 516 2325 corpora
528 2274 592 2326 frigus
605 2319 607 2321 ‚

106 2320 244 2380 bonitatam
256 2329 334 2374 possent
345 2324 395 2364 coeli
408 2326 444 2365 sub
458 2326 545 2379 tegmine
558 2328 622 2366 ferre:
642 2363 644 2365 .
658 2363 660 2367 ,
714 2325 766 2367 1015

106 2372 133 2409 Et
145 2373 210 2412 lenus
217 2376 322 2416 'imminuit
333 2378 406 2426 vireis3
417 2380 523 2431 puereique
532 2383 636 2429 parentum

106 2422 213 2486 Blanditiis
224 2428 283 2468 facile
294 2428 398 2482 ingenium
409 2430 488 2483 fregere
498 2432 610 2483 superbum.
697 2431 699 2434 ’
