1690 2654
261 65 303 105 AD
318 61 455 104 LIBRUM
469 55 635 98 TERTIUM·
761 51 809 96 293

143 173 190 214 204.
218 184 269 223 „est
284 172 342 211 baud
359 170 436 224 legitur
450 169 474 208 in
489 167 589 220 Lugdul.
602 167 622 206 2.
635 162 685 205 Brit.
693 163 713 204 2.
722 163 743 203 3.
756 161 808 220 Ven.

92 220 161 274 [Brin.¹
169 232 190 262 et
200 226 274 275 Ver.]‚
289 232 309 262 et
321 219 405 275 ponitur
416 222 443 260 ad
454 222 518 259 finem
530 231 600 257 versus
610 219 633 255 in
645 219 703 254 Cant.
732 218 809 262 Quouis

90 275 180 328 pignore
195 275 349 323 contenderim,
363 276 393 313 sic
405 275 503 313 Lucretio
515 270 617 320 scriptum
629 281 684 307 esse:
698 269 759 308 Nunc
768 268 809 321 igi-

92 339 136 375 tur,
150 331 214 368 animi
225 331 320 379 quoniam
331 339 406 367 natura
415 337 497 377 reperta
507 335 544 363 est.
552 324 566 345 ‘⁶
581 325 612 361 W
614 338 627 361 α
632 325 652 360 lt.

142 380 188 419 205.
214 381 298 419 Mobilis
307 377 401 431 egregie]
415 377 456 414 vid.
468 375 495 412 ad
508 379 523 421 l,
533 374 578 414 736.
752 421 757 430 ι

143 432 189 470 209.
200 462 202 464 .
214 430 303 479 dedicat]
319 431 349 467 sic
360 428 420 467 Wak.
431 439 480 466 cum
488 425 547 463 libris
556 430 639 461 tantum
647 436 691 461 non
700 422 807 469 omnlhus;

90 484 152 522 Poor.
169 482 266 528 dederat,
279 480 328 517 Brit.
338 483 356 519 1.
375 481 477 525 declarat,
492 490 516 515 ex
529 476 603 527 glossa.
623 478 673 513 Hav.
690 488 738 512 cum
751 474 808 523 vulg.

92 533 150 573 editt.
166 533 270 585 deliqnot,
286 544 338 584 quae
355 529 453 569 Lambini
469 535 499 567 cst
512 527 624 567 correctio.
639 527 712 576 (Conf.
728 527 745 576 Ι,
762 526 807 566 368.

91 592 114 624 et
122 584 182 633 423.)
553 595 556 603 ›

143 638 189 675 211.
215 638 235 673 st
244 638 312 686 possit
324 634 388 673 lectio
400 641 431 672 est
439 632 535 671 omnium
544 632 590 669 fere
599 631 715 677 librorum3
729 630 777 667 Ver.
788 634 809 666 et

91 688 143 727 ven.
148 698 225 740 posset·
239 688 318 735 Lamb,
327 686 349 724 in
360 687 440 724 duobus
452 684 514 724 Codd.
526 701 548 723 se
557 687 623 734 possit
632 682 744 729 inveniens,
755 680 809 718 coni.

91 742 111 780 ai
124 750 205 793 posset,
216 739 324 777 Turnebus
340 750 390 777 vero
404 738 497 778 Adverss.
512 737 595 786 Xxnt,
610 732 643 775 34.
660 734 776 772 lectionem
788 740 810 773 se

89 795 156 846 possit
165 790 277 829 defendere
287 790 361 828 studet.
698 810 699 813 =
780 826 782 828 ,

97 867 117 879 ,.,
143 844 188 889 213.
215 846 318 896 Indeptn]
331 841 397 894 Lugd.
408 843 427 881 2.
440 842 497 879 Cant.
514 842 607 893 Adsum,
619 838 668 878 Brit.
677 839 697 878 2.
710 842 807 887 Jnveota,

107 907 129 933 er
145 906 220 932 erams
803 922 804 926 ,

90 907 105 947 P
129 908 189 986 pm.
215 945 255 995 ibi]
269 947 341 995 „Cant
352 946 389 986 tibi
394 962 402 990 ;
415 943 574 996 elegantissime,
587 941 624 980 sed
636 954 708 979 errore
717 946 809 978 tantum·

90 997 168 1044 modo,
181 997 270 1035 forsitan
282 997 361 1035 felici.“
381 999 413 1037 W
416 999 453 1036 at.
480 996 540 1045 (vid.
557 994 584 1032 ad
598 995 626 1044 ll,
641 995 700 1041 187.)
715 1014 741 1021 -
755 993 809 1031 liba-

91 1049 145 1098 tum]
160 1049 190 1086 sic
198 1051 249 1089 Hav.
258 1055 279 1086 et
289 1048 350 1087 Wak.
361 1061 410 1086 cum
421 1047 517 1086 omnibns
525 1047 591 1092 libris,
602 1051 686 1096 praeter
694 1050 809 1095 utrumque

91 1100 164 1149 vind,
177 1100 194 1138 si
208 1099 307 1138 collatori
317 1100 368 1137 fides
377 1100 484 1147 habenda,
497 1099 605 1149 vulgatam
617 1101 710 1137 limatum
719 1102 809 1143 tuentes,
821 1116 834 1122 s

92 1154 130 1202 (ut
141 1164 203 1201 supra
212 1165 232 1190 v.
246 1152 277 1191 11.
286 1154 299 1200 l*
308 1163 365 1201 quae,
373 1158 446 1189 tamen
458 1150 526 1201 potius
543 1149 639 1187 Lambini
652 1148 707 1187 coni.
718 1147 808 1197 videtur,

91 1204 181 1244 alteram
193 1215 276 1254 quoque
287 1202 382 1241 addentis
392 1204 525 1248 delibratam
538 1201 600 1239 male.
630 1232 632 1242 .

142 1256 188 1295 216.
213 1254 302 1292 Restitni
315 1267 363 1293 curn
378 1256 452 1293 Eichst.
469 1255 573 1292 librorum
586 1252 680 1291 omnium
695 1250 809 1291 lectionem

91 1321 184 1355 sensum,
199 1307 233 1345 cui
247 1306 307 1344 Wak.
325 1306 387 1344 amici
396 1307 429 1344 sui
438 1307 481 1343 Ioa.
492 1307 553 1344 Iones
565 1305 709 1361 coniecturam
719 1315 808 1353 ventum,

90 1357 198 1397 immerito
214 1357 309 1397 laudibus
326 1357 413 1410 elatam,
430 1357 542 1398 substituit.
566 1356 640 1408 (Gonf.
657 1358 686 1408 Π,
701 1358 746 1397 890.
762 1355 808 1398 915.

90 1410 187 1461 111,526.
200 1411 245 1451 635.
257 1410 309 1457 etc.)
633 1430 635 1435 ν

142 1464 188 1501 220.
214 1464 260 1500 Vox
275 1461 344 1500 rarior
359 1466 518 1502 circumcaesura
527 1461 605 1500 iterum
614 1460 708 1500 occurrit
718 1461 749 1508 IV,
762 1460 807 1502 649.

91 1518 113 1551 et
129 1519 221 1554 assumta
237 1520 269 1552 est
281 1514 307 1552 ab
320 1515 411 1553 Arnohio
422 1518 455 1555 Ill.
463 1528 484 1565 p.
496 1517 553 1559 107..
567 1514 602 1565 qui
612 1514 706 1551 multum
717 1513 769 1550 facit
780 1512 808 1550 ad

90 1563 148 1603 hunc
157 1565 230 1605 locum
240 1565 392 1626 explicandum.
413 1569 447 1604 Est
456 1574 526 1605 antem
538 1563 551 1617 ἡ
563 1563 671 1617 περικοπή,
686 1560 699 1615 ἡ
710 1562 807 1617 προτομή

5 1605 14 1659 ¹,
90 1617 234 1665 Graecorum,
247 1630 260 1655 ι.
271 1630 288 1656 e.
298 1630 392 1656 summus
402 1624 482 1666 cortex,
497 1624 589 1656 extrema
599 1617 731 1668 superficies,
744 1629 809 1667 quam

92 1668 202 1709 Gi0.Tusc.
209 1671 225 1716 I,
233 1671 266 1711 ΞΟ.
281 1673 483 1724 circumscriptionem
493 1670 551 1710 dicit.
566 1670 637 1719 (Gonf.
649 1662 708 1707 Wak.
720 1668 746 1707 ad
756 1669 776 1708 h.
782 1669 807 1719 l.)

129 1722 189 1761 ,222
214 1721 280 1761 Bentl.
298 1722 352 1764 coni.
373 1726 430 1773 Quod
445 1734 510 1776 genus
523 1734 560 1761 aut
574 1725 663 1769 Bacchi,
678 1722 735 1772 quod
745 1734 808 1760 nemo

26 1799 28 1802 -
90 1771 155 1811 facile
163 1773 307 1824 probabit.,—
318 1777 459 1827 Bacchiflos]
472 1775 502 1812 sic
511 1774 587 1812 Ennius
597 1774 618 1811 in
630 1773 706 1812 Alcest.
721 1774 750 1824 (p.
760 1774 807 1815 288.

47 1828 50 1833 '
90 1826 158 1875 Hess.)
167 1828 211 1877 flos
226 1827 308 1873 Liberi,
323 1826 360 1863 uhi
371 1826 411 1864 vid.
424 1827 538 1876 Columna,
552 1826 619 1864 nostri
627 1825 722 1868 locinon
733 1825 808 1863 imme-

90 1887 150 1926 mor,
165 1883 186 1914 et
200 1876 286 1915 laudans
301 1876 452 1927 praeter‘alios
469 1879 543 1917 plaut..
551 1880 596 1917 Cas.
610 1876 716 1924 111,5‚16.
729 1877 777 1915 Gist.
788 1877 807 1927 Ι,

90 1928 112 1972 2,
119 1929 137 1967 8-
152 1930 213 1967 Cure.
223 1929 240 1978 Ι,
250 1931 269 1975 2,
276 1931 301 1978 1.,
317 1930 352 1980 qui
362 1929 405 1967 loci
414 1930 585 1974 necannebum
595 1929 701 1980 fugerunt,
714 1928 808 1970 Adverss.
830 1952 832 1954 ·

90 1978 168 2037 ΧΧΙΧ,
177 1978 210 2022 34.
224 1981 250 2018 de
264 1981 306 2019 hoc
317 1993 378 2020 versu
390 1981 536 2032 disputantem.
550 1980 632 2032 (Paullo
648 1980 688 2019 alia
703 1980 808 2033 significa·

90 2035 160 2077 tione,
173 2032 274 2071 nimirum
290 2034 315 2071 de
330 2032 388 2071 tenui
402 2045 476 2083 spuma
488 2033 510 2070 in
524 2046 606 2071 summo
619 2032 681 2082 vino,
694 2040 808 2084 usurpatur

91 2081 147 2131 apud
157 2082 260 2123 Catonem
270 2087 293 2123 R.
303 2086 328 2137 R.
340 2099 358 2126 c.
369 2087 399 2125 11.
415 2085 494 2123 Colum.
503 2087 549 2135 XII,
559 2086 591 2125 30.
604 2091 624 2123 et
636 2084 688 2122 Ptin.
697 2085 750 2128 XVI,
760 2086 807 2135 21.)

91 2132 338 2189 ὃίωίΙί,ῐηεῑερὶιοτε]’ἱοε
347 2137 389 2175 iam
399 2136 466 2175 adfuit
476 2138 492 2184 I,
504 2137 556 2186 899„
568 2137 605 2175 ubi
615 2136 657 2176 vid.
669 2138 782 2176 annotatio.

141 2186 187 2225 237.
208 2189 272 2227 Recte
281 2189 340 2228 Wak.
351 2189 373 2227 in
383 2196 502 2227 contextum
508 2190 615 2227 revocavit
622 2189 725 2227 librorum
734 2189 807 2229 lectio-

90 2246 141 2274 nem
154 2243 242 2289 moveri,
256 2254 310 2292 quae
324 2241 345 2279 in
361 2240 480 2293 vulgaribus
492 2241 549 2294 editt.
564 2240 636 2293 (apud
644 2242 694 2282 Hau.
707 2244 806 2295 quoque)

90 2286 164 2327 locum
175 2299 265 2329 cesserat
276 2293 368 2331 Turnebi
379 2293 512 2332 coniecturae
524 2296 581 2334 cleri.

116 2363 120 2399 ἐ
142 2337 188 2380 241.
214 2344 309 2388 volutant
323 2344 382 2386 Wak.
398 2358 422 2383 ex
437 2344 520 2395 ingenio
536 2344 594 2383 dedit
608 2358 646 2395 pro
661 2344 765 2384 librorum
776 2345 806 2384 le·

91 2398 162 2429 ctione
171 2394 261 2440 uolutat,
275 2403 296 2432 et
311 2398 340 2435 sic
354 2395 400 2436 iam*
411 2397 526 2435 Candidum
535 2396 558 2435 in
570 2399 623 2436 lunt.
633 2397 720 2435 edidisse
729 2398 805 2436 inveni.

90 2445 142 2485 Hav.
158 2455 207 2483 cum
222 2444 343 2498 vulgaribus
361 2452 460 2491 volutent.
486 2448 547 2492 Wak.
563 2449 636 2489 locum
656 2449 686 2488 ita
705 2448 805 2503 exultent:
