1690 2654
294 73 400 124 LIBER
416 82 456 126 IV.

67 194 141 245 Sponte
151 205 188 233 sua
195 191 284 241 volitent,
296 196 376 233 aeterno
386 192 462 243 percita
473 193 541 239 motu}

67 249 149 297 Quoque
159 245 218 284 modo
227 246 302 295 possint
312 260 343 285 res
353 260 377 285 ex
385 246 417 284 his
429 257 516 295 quaeque
530 241 605 283 creari:

66 300 131 347 Atque
139 298 202 335 'animi
214 297 307 345 quoniam
318 298 376 338 docui
386 300 458 335 natura
468 296 514 346 quid
525 299 583 343 esset,
595 296 597 298 ’
707 291 736 334 30

65 350 92 388 Et
102 348 174 398 quibus
186 362 197 387 e
207 350 266 387 rebus
276 362 322 387 oum
330 360 413 398 corpore
424 352 489 387 comta
497 347 587 397 vigeret3

66 402 135 449 Quove
147 401 206 438 modo
219 399 313 439 distracta
324 400 397 438 rediret
409 399 431 437 in
443 398 499 438 ordia
510 399 587 447 prima:

64 451 122 491 Nunc
131 463 195 502 agere
206 449 300 500 incipiam
311 451 356 498 tibi,
369 450 422 500 quod
434 451 561 489 vehementer
574 447 600 487 ad
611 448 650 490 has
664 460 697 491 res

57 504 147 551 attineo,
160 516 202 541 esse
214 514 244 549 ea,
258 515 388 552 quaererem
401 502 507 540 simulacra
519 513 626 547 vocamus3

66 556 130 603 Quae,
144 554 201 603 quasi
213 556 340 603 membranae
353 567 430 602 summo
444 554 468 591 de
481 565 564 602 corpore
576 564 643 592 rerum
665 559 669 566 ⁸
706 549 734 593 85

64 607 168 659 Dcreptae,
180 605 265 645 volitant
277 608 330 646 ultro
343 606 432 655 citroque
443 618 479 655 per
490 617 559 652 auras3

64 658 129 707 Atque
141 658 216 706 eadem,
229 658 286 697 nobis
298 656 429 709 vigilantibus
443 656 508 703 obvia,
521 655 604 694 manteia

64 709 189 758 Terrificant,
203 712 261 758 atque
273 710 295 749 in
308 709 387 756 somnis,
402 720 462 758 quom
475 720 533 756 saepe
545 709 633 758 figuras*

66 760 182 800 Gontuimur
194 761 256 812 miras
269 762 414 810 simulacraque
425 761 470 798 luce
482 763 591 807 carentum,

64 813 121 862 Quae
134 826 170 852 nos
182 813 283 862 horrifice,
296 813 418 864 languenteis
431 824 489 861 saepe
502 823 581 860 sopore,

65 864 182 904 Excierunt:
194 877 220 903 ne
231 864 284 904 forte
296 865 372 903 animae
385 863 498 903 Acherunte
510 871 591 910 reamur

32 923 33 926 ’
63 917 165 966 Effugere,
181 919 216 955 aut
226 918 307 956 umbras
319 916 370 955 inter
382 915 439 953 vivos
451 915 547 960 volitare3

62 967 117 1007 Neve
130 967 205 1017 aliquid
217 969 280 1006 nostri
291 971 335 1017 post
347 970 432 1005 mortem
444 978 502 1015 posse
513 963 607 1014 relinqui,

63 1019 129 1068 Quom
138 1031 211 1068 corpus
224 1018 284 1057 simul
295 1021 355 1067 atque
367 1017 429 1056 animi
440 1022 512 1055 natura
523 1020 620 1068 peremta,
663 1048 666 1054 s

32 1089 35 1094 ·
62 1070 85 1109 In
98 1081 134 1109 sua
146 1070 254 1108 discessum
266 1069 360 1108 dederunt
370 1068 480 1119 primordia
493 1080 588 1117 quaeque.

87 1121 137 1159 Dico
149 1121 298 1171 igitm,·rcrnm
310 1121 390 1172 effigias
402 1120 515 1169 tenueisque
531 1121 607 1171 figuras

61 1172 139 1210 Mittier
150 1174 176 1210 ab
182 1172 254 1219 *sebna
267 1185 345 1211 summo
358 1173 382 1211 de
393 1184 482 1221 corpore,
495 1184 566 1210 earum

62 1223 119 1270 Quae
132 1222 189 1271 quasi
201 1225 329 1262 membranae
341 1225 374 1262 vel
386 1228 453 1262 cortex
465 1222 601 1262 nominitanda
614 1226 651 1271 est,

62 1274 121 1322 Quod
133 1274 218 1323 speciem
231 1287 255 1314 ac
264 1276 354 1315 'formam
367 1275 452 1315 similem
464 1275 517 1326 gerit
530 1275 572 1315 eius
584 1274 660 1327 imago,

62 1325 236 1376 Quoiusquomque
250 1328 338 1367 cluetde
352 1340 435 1376 corpore
447 1328 492 1366 tusa
506 1325 586 1378 vagari.

84 1378 110 1424 ,ld
122 1377 170 1415 licet
181 1379 229 1417 hinc
242 1379 332 1428 quamvis
345 1378 413 1417 hebeti
427 1390 546 1429 cognoscere
559 1378 629 1418 corde:

61 1426 170 1478 Principio,
182 1429 276 1479 qnoniam
287 1430 368 1469 mittunt
380 1431 401 1469 in
413 1431 471 1469 rebus
485 1430 559 1479 apertis
606 1459 607 1462 η

62 1480 150 1529 Corpora
161 1493 193 1519 res
205 1482 286 1530 multae,
298 1482 371 1531 partim
384 1481 456 1520 diffusa
471 1483 557 1530 solutae,

61 1531 144 1571 Robora
157 1545 197 1573 ceu·
205 1533 283 1572 fumum
295 1533 383 1581 mittunt,
395 1533 490 1584 ignesque
501 1542 611 1584 vaporem3
655 1541 660 1545 ’

61 1584 87 1622 Et
101 1583 175 1633 partim
187 1587 276 1624 contenta
287 1586 353 1636 magis
366 1587 508 1635 condensaque,
521 1589 544 1623 ut
560 1585 609 1624 olim

61 1635 127 1683 Quom
137 1639 210 1675 ‘teretes
222 1637 385 1685 'ponunttunicas
397 1641 470 1676 aestate
483 1637 569 1686 cicadae,

24 1705 26 1709 ¹
60 1687 86 1726 Et
97 1686 168 1726 vitulei
180 1700 239 1738 quom
251 1689 376 1729 membranas
389 1689 413 1728 de
426 1702 507 1739 corpore
519 1700 597 1728 summo

60 1739 166 1779 Nascentes
178 1740 269 1789 mittunt3
283 1741 361 1781 etitem
375 1754 434 1792 quom
447 1741 525 1781 lubrica
537 1751 616 1792 serpeus
651 1784 653 1786 ,

60 1792 121 1829 Exuit
133 1792 154 1829 in
167 1793 227 1842 spinis
240 1799 325 1831 restem:
338 1807 385 1832 nam
398 1806 457 1843 saepe
468 1794 558 1832 videmus
680 1793 681 1797 ’

42 1856 44 1858 ·
61 1842 153 1882 Ollorum
165 1845 234 1894 spoliis
247 1845 323 1894 vepreis
336 1845 463 1885 volitantibus
476 1849 550 1885 auctas,

60 1895 117 1944 Quae
130 1896 224 1946 quoniam
238 1897 293 1945 fiunt,
307 1897 371 1937 tenuis
385 1910 463 1948 quoque
476 1898 534 1936 debet
545 1896 614 1947 imago

59 1947 90 1985 Ab
101 1948 160 1986 robus
173 1948 233 1996 mitti,
246 1961 322 1988 summo
338 1950 362 1988 de
377 1949 458 1999 corpore
470 1961 545 1988 rerum.
659 1953 661 1956 ”

59 1998 118 2047 Nam,
134 2013 185 2049 quur
196 2002 233 2039 illa
245 2003 315 2040 cadant
326 2002 398 2052 magis,
412 2003 437 2040 ab
449 2004 547 2051 rebusque
561 2000 659 2049 recedant,

59 2050 125 2098 Quam
137 2065 188 2101 quae
198 2053 264 2092 tenvia
276 2053 431 2098 sunt‚.hiscundi
443 2059 472 2093 est
484 2055 539 2093 nulia
550 2057 651 2103 potestas;

58 2100 184 2152 Praesertim,
197 2117 257 2155 quom
269 2105 341 2145 sintin
353 2105 435 2145 summis
447 2118 530 2156 corpora
542 2107 601 2145 rebus

58 2152 123 2194 Multa
135 2156 217 2204 minuta,
230 2158 269 2196 iaci
281 2169 331 2208 quae
343 2158 417 2208 possint
430 2159 498 2197 ordine
510 2169 585 2206 eorum,

58 2205 104 2251 Quo
115 2207 194 2256 fuerint,
209 2212 228 2247 et
240 2211 311 2247 formai
326 2223 406 2248 servare
417 2211 516 2261 figuram
539 2210 541 2217 '

58 2255 85 2295 Et
96 2259 159 2305 multo
170 2259 238 2313 citius,
251 2265 323 2311 quanto
336 2262 400 2301 minus
412 2261 532 2312 indupediri.

57 2306 125 2348 Pauca
137 2316 217 2363 queunt,
232 2316 252 2353 et
264 2317 309 2353 sunt
320 2313 342 2353 in
353 2314 418 2365 prima
430 2314 494 2353 fronte
505 2313 579 2354 locata.

83 2361 135 2399 Nam
147 2367 201 2403 certe
212 2365 278 2405 iacere
290 2378 314 2405 ac
326 2366 398 2417 perciti
409 2367 474 2405 multa
486 2366 583 2414 videmus,

57 2408 101 2449 Non
113 2415 178 2453 solum
191 2430 215 2455 ex
227 2420 269 2456 alto
282 2419 403 2469 penitusque,
415 2424 439 2457 ut
451 2417 536 2457 diximus
549 2420 600 2463 ante,

57 2460 130 2513 Vtrum
143 2465 168 2506 dc
182 2469 342 2524 summisipsnm
354 2484 432 2522 quoqne
444 2484 502 2523 saepe
514 2471 611 2511 colorem=
