1690 2654
113 142 125 150 ς
191 67 580 148 touruucnaururuu.
700 90 752 136 361*

27 204 48 246 2.
58 203 78 245 3.
91 201 161 252 Brit,
175 205 344 252 circumcaesura,
359 207 381 242 et
390 202 439 243 Ver.
448 203 511 254 Ven„
530 205 677 243 circumeunte
688 200 746 251 erhi-

21 256 110 301 iltentes3
124 255 170 294 Ald.
177 257 196 297 1.
206 263 227 295 et
236 257 289 294 Bon.
301 268 350 294 vero
363 258 437 295 circum
446 266 536 295 textura.
550 254 609 294 Conf.
619 254 647 292 ad
656 255 745 301 111220.

80 308 124 346 650.
150 305 244 346 constant
253 307 315 347 Wak.
323 306 430 345 revocavit
441 319 466 344 ex
477 305 574 344 omnihus
589 305 659 353 libris,
671 303 745 344 locum

27 356 58 399 sio
70 356 229 407 interpretatus:
242 358 336 406 „eedem
352 364 382 395 est
392 357 446 395 ratio
460 355 614 395 constitutionis
624 357 647 395 in
657 357 745 395 semini-

27 409 73 457 bus,
85 421 111 447 ec
119 408 141 450 in
151 407 232 447 extimis
241 409 314 460 figuris
324 408 471 451 animantium:
483 407 629 446 dissimilitudo
639 407 744 449 scilicet.“

27 460 96 510 Vulgo
113 462 202 506 distant,
216 458 273 509 quod
287 459 355 498 Gifan.
372 472 383 496 e
400 459 509 497 veteribus*
522 459 581 496 libris
592 471 613 496 se
629 460 744 498 restituisse

27 510 147 560 praedicat,
161 522 203 560 qua
215 511 240 547 de
251 522 275 547 re
286 510 347 548 nobis
357 509 421 549 liceat
429 509 532 550 dubitare.
546 532 572 538 -
579 510 663 563 figura]
676 511 743 565 Lugd.

28 564 47 601 1-
53 563 143 614 figuris,
156 559 207 598 Brit.
217 562 343 615 2.‘flguram.
513 591 515 595 .

79 612 124 651 652.
150 612 287 664 perli'bemus]
301 613 352 652 Brit.
363 612 382 650 2.
389 608 546 663 perhibendum,
559 612 666 650 mendose.

68 660 123 703 654.
148 665 279 716 maioraque]
291 664 348 702 idem
361 665 411 703 Brit.
421 664 441 704 2.
455 676 498 701 non
512 663 582 701 minus
593 676 692 715 perverse
703 667 743 715 nti·

26 728 123 806 noraggg:
142 763 259 818 triquetro]
278 763 335 802 Bodl.
349 762 411 803 Vind,
425 763 476 803 Brit.
487 765 507 804 2.
520 766 539 805 3.
553 763 607 802 Brix.
624 767 672 805 Ver.
689 765 742 806 Ven.

26 817 148 870 triquetrae,
161 817 222 855 Poor.
235 817 294 854 Cant.
306 819 422 868 triquctra,
436 814 485 852 Brit.
496 818 514 855 1.
527 820 643 868 triquetria.
664 819 673 863 (
680 817 741 856 Gonf.

25 867 53 906 ad
61 871 77 918 1,
83 868 142 916 718.)
156 889 182 896 -
195 869 244 907 aliis
251 866 316 905 semel
326 865 390 905 modo
401 872 488 918 apparet
497 867 519 905 in
527 869 576 905 Brit.
583 865 601 906 1.
607 869 626 908 2.
631 870 651 908 3.
663 874 684 906 et
689 869 742 912 Ven.

78 920 123 960 657.
148 921 202 959 ratio
212 918 251 968 at]
264 917 295 956 sic
310 918 371 958 Wak.
388 930 437 957 cum
453 918 550 970 plurimis
561 918 633 968 libris;
646 918 709 970 vulgo
720 931 743 959 ut

25 972 79 1010 ratio
91 982 140 1009 cum
150 969 196 1010 Ald.
207 971 226 1009 1.
236 972 256 1008 2.
268 971 319 1010 Bou.
330 971 384 1008 lunt.
632 974 634 980 ’

69 1021 121 1063 660.
146 1024 202 1069 Ηοε,
214 1020 259 1059 scil.
272 1021 349 1070 modo,
361 1019 423 1059 Wak.
439 1031 464 1058 ex
477 1019 572 1059 omnihus
582 1019 641 1069 libris
651 1020 743 1060 restituit

24 1084 63 1123 pro
73 1072 155 1124 vulgari
165 1077 227 1124 Ergo,
237 1071 294 1122 quod
304 1071 409 1111 editorum
418 1071 519 1111 audaciae
530 1071 624 1112 debetur.
639 1073 698 1112 Gonf.
709 1086 743 1113 su-

24 1131 63 1174 pra
74 1124 101 1163 at
110 1137 129 1161 v.
137 1123 183 1164 555.
194 1129 215 1161 et
225 1119 271 1162 624,

76 1177 120 1216 661.
146 1176 252 1225 1lli‚‘qu0i
258 1172 320 1212 Wak.
330 1172 353 1211 iu
364 1178 488 1217 contextum
496 1173 604 1213 revocavit
612 1174 661 1213 laco
671 1173 744 1228 vulga-

24 1232 58 1265 tae
71 1226 168 1270 lectionis
182 1227 241 1271 Illis,
254 1228 322 1278 queis,
336 1237 400 1275 quam
414 1237 443 1263 ne
457 1238 523 1264 unum
538 1226 623 1277 quidem
638 1234 697 1266 vetus
709 1241 742 1266 ex-

25 1277 118 1329 emplum
132 1276 289 1328 nec-scriptum
303 1288 344 1315 nec
357 1275 484 1327 impressum
498 1277 604 1329 agnoscit3
617 1281 667 1318 Bon.
675 1279 741 1318 modo

25 1330 61 1368 dat
74 1334 121 1384 qai,
135 1336 156 1367 et
168 1330 229 1368 Poor.
246 1329 306 1368 Cant.
321 1331 347 1367 cai
357 1340 396 1379 pro
408 1333 458 1381 quai
464 1340 502 1366 seu
511 1333 550 1369 cui.
563 1350 589 1357 -
602 1331 695 1384 corpore]
711 1327 742 1370 sic

24 1381 82 1419 idem
90 1384 118 1419 W
118 1381 151 1419 ak.
161 1393 210 1419 cum
219 1379 278 1418 libris
288 1380 334 1418 fere
343 1380 449 1428 omuibus3
462 1379 526 1432 vulgo
538 1396 630 1434 corpora,
642 1382 667 1420 ut
677 1382 740 1422 Vind.

23 1432 73 1473 Brit.
83 1433 102 1472 t.
112 1430 164 1471 tunt
175 1438 196 1470 et
205 1430 252 1471 Ald.
262 1432 282 1471 tt

51 1487 53 1489 ’
75 1486 120 1530 662.
148 1482 335 1533 contractabiliter]
359 1480 389 1521 sic
405 1479 470 1521 Wak:
479 1482 562 1534 scripsit
579 1495 627 1522 cum
642 1482 740 1534 plurimis
752 1526 771 1530 Η

23 1534 92 1586 libris3
105 1535 168 1588 vulgo
176 1548 178 1550 ’
186 1537 370 1582 Contrectabilt'ter,
383 1540 408 1571 ut
422 1534 445 1583 in
461 1535 516 1574 Iunt.
526 1541 547 1572 et
557 1534 602 1584 dld.
611 1538 645 1583 23
657 1536 708 1577 Brit.
718 1539 739 1577 2.

26 1589 163 1627 Contabiliter.
176 1587 238 1627 Wak.
245 1587 286 1624 hoc
297 1585 419 1623 adverbium
429 1585 519 1634 explicat
532 1586 638 1636 „mollem
646 1601 685 1638 per
693 1594 740 1627 tra-

24 1639 170 1687 ctationem,“
182 1639 258 1678 melius
270 1636 347 1678 Eichst.
362 1636 385 1675 in
395 1635 475 1676 iudice:
489 1649 531 1687 „at
541 1642 666 1680 contrectari
678 1642 739 1682 inno-

43 1692 46 1700 .
138 1691 151 1711 a
577 1696 579 1699 .

23 1704 57 1731 m
66 1702 134 1783 96611Ιῶ
148 1746 227 1796 Aspera
240 1741 347 1792 nimirum]
360 1719 425 1792 L'ugd.
439 1741 457 1780 1.
467 1741 487 1779 2.
500 1740 622 1783 Vindjurit.
629 1744 649 1784 2.
659 1744 679 1783 3.
688 1746 738 1785 Ver.

24 1794 76 1831 Ven.
87 1799 153 1847 Asper
162 1798 280 1837 animorum,
292 1793 367 1831 Brit-1.
376 1798 457 1845 Aspera
465 1794 569 1831 minorum.
583 1813 609 1824 -·
618 1796 736 1847 penetrant]

23 1843 72 1882 Brit.
85 1847 105 1884 1.
114 1856 243 1899 penetratur,
256 1843 307 1883 Brit.
318 1845 337 1885 2.
348 1854 480 1896 penetranat,
489 1844 544 1883 urit.
553 1845 573 1884 3.
583 1858 686 1897 penetrat.

75 1897 119 1936 665.
139 1896 209 1947 facile
219 1907 249 1935 est
259 1911 283 1934 ex
292 1895 338 1944 liis]
352 1896 415 1933 Hunc
424 1894 519 1933 ordinem
528 1895 642 1934 verborum
651 1909 665 1946 e
671 1896 738 1949 Lugd.

24 1947 43 1986 1.
56 1948 114 1989 Bodl.
125 1947 186 1989 Vind.
195 1948 245 1985 Brit.
258 1947 277 1992 3.
290 1948 350 1987 Cant.
368 1952 388 1983 et
403 1946 498 1984 omnihus
511 1946 569 1984 editt.
581 1954 642 1996 vett,
653 1956 739 1998 praeter

23 2001 76 2037 lunt.
85 2006 106 2037 et
112 1999 191 2048 Alta„
201 1999 261 2040 Wak.
271 1997 375 2041 restitum
388 1997 451 2050 vulgo
457 1998 524 2048 facile
536 2014 561 2037 ex
571 2001 604 2037 liis
614 2005 652 2039 est.
662 2020 689 2029 —
699 2006 738 2041 Est

15 2049 109 2100 >omnino
124 2063 167 2089 non
180 2056 289 2103 comparet
303 2051 325 2088 in
338 2048 387 2088 Brit.
396 2051 426 2096 23
440 2049 517 2100 facilis
528 2056 599 2088 autem
607 2051 630 2090 in
639 2051 706 2105 Lugd.
716 2055 737 2094 2.

23 2107 95 2140 ortum
108 2108 139 2141 est
149 2115 160 2140 e
169 2104 273 2154 scriptura
282 2100 438 2153 compendiaria
443 2103 537 2153 facilest.

75 2155 120 2204 666.
146 2155 196 2203 bili]
208 2156 257 2195 Brit.
267 2156 286 2195 2.
302 2156 353 2203 bile,
367 2165 431 2205 quare
447 2152 508 2193 Wak.
525 2152 642 2204 suspicatur
652 2156 693 2195 tile
703 2171 738 2196 et*—

22 2218 46 2244 su
60 2215 135 2246 orante.
265 2223 267 2228 ⁴
352 2223 355 2226 ¹

44 2218 58 2257 Ρ
74 2257 118 2295 667.
144 2258 214 2310 aliqua
228 2259 271 2310 est]
286 2259 334 2299 Ver.
350 2258 401 2297 Ven.
417 2254 463 2296 Ald.
479 2255 497 2295 1.
514 2256 566 2295 Bon.
580 2257 664 2312 aliqua,
682 2258 736 2300 Brix.

23 2306 116 2360 aliquos,
128 2309 177 2347 Brit.
186 2311 206 2349 2.
218 2314 341 2365 aliquanao,
354 2308 404 2347 Brit.
415 2308 434 2348 3.
446 2309 516 2361 aliqua
528 2311 554 2349 εἰ.
585 2349 587 2351 ,

53 2407 56 2415 Ι
74 2359 118 2398 668.
145 2363 286 2413 Perturbatus]
300 2362 374 2402 tritt.
383 2361 498 2400 Perturbat.
511 2381 537 2389 -
550 2364 591 2400 iam
601 2372 664 2401 totum
675 2361 735 2401 Wak.

24 2408 88 2446 edidit
99 2422 146 2447 curn
156 2410 213 2452 tibiis
222 2420 305 2453 tantum
314 2427 357 2453 non
368 2412 475 2462 omnihus3
491 2414 545 2452 lunt.
557 2419 579 2451 et
588 2414 632 2453 Ald.
640 2416 659 2454 2.
672 2423 736 2454 totum

22 2462 74 2509 iam,
85 2466 109 2498 ut
119 2461 181 2513 vulgo
191 2464 274 2516 legitur.
341 2471 348 2477 ”
666 2490 672 2496 «

35 2571 37 2573 v
56 2531 172 2559 uucuurrus.
289 2523 291 2527 '
409 2535 411 2538 ¹
536 2522 580 2560 Hh
