<?xml version="1.0" encoding="UTF-8"?>
<!DOCTYPE html PUBLIC "-//W3C//DTD XHTML 1.0 Transitional//EN"
    "http://www.w3.org/TR/xhtml1/DTD/xhtml1-transitional.dtd">
<html xmlns="http://www.w3.org/1999/xhtml" xml:lang="en" lang="en">
 <head>
  <title>
</title>
<meta http-equiv="Content-Type" content="text/html;charset=utf-8" />
  <meta name='ocr-system' content='tesseract 3.04.00' />
  <meta name='ocr-capabilities' content='ocr_page ocr_carea ocr_par ocr_line ocrx_word'/>
</head>
<body>
  <div class='ocr_page' id='page_1' title='image "./MN40048ucmf_3_0308.png"; bbox 0 0 1690 2654; ppageno 0'>
   <div class='ocr_carea' id='block_1_1' title="bbox 78 36 627 117">
    <p class='ocr_par' dir='ltr' id='par_1_1' title="bbox 78 36 627 117">
     <span class='ocr_line' id='line_1_1' title="bbox 78 36 627 117; baseline -0.031 0"><span class='ocrx_word' id='word_1_1' title='bbox 78 36 127 117; x_wconf 69' lang='lat'><strong>222</strong></span> <span class='ocrx_word' id='word_1_2' title='bbox 263 66 553 110; x_wconf 63' lang='lat' dir='ltr'><strong>,unanimiores</strong></span> <span class='ocrx_word' id='word_1_3' title='bbox 611 95 627 116; x_wconf 28' lang='grc'><strong>,.</strong></span> 
     </span>
    </p>
   </div>
   <div class='ocr_carea' id='block_1_2' title="bbox 56 175 841 1878">
    <p class='ocr_par' dir='ltr' id='par_1_2' title="bbox 79 175 796 337">
     <span class='ocr_line' id='line_1_2' title="bbox 117 175 795 229; baseline 0.001 -14"><span class='ocrx_word' id='word_1_4' title='bbox 117 213 119 215; x_wconf 85' lang='grc'><em>,</em></span> <span class='ocrx_word' id='word_1_5' title='bbox 132 181 188 222; x_wconf 84' lang='grc'><strong>1013,</strong></span> <span class='ocrx_word' id='word_1_6' title='bbox 215 179 266 218; x_wconf 83' lang='lat' dir='ltr'><strong>coeli</strong></span> <span class='ocrx_word' id='word_1_7' title='bbox 275 176 361 229; x_wconf 82' lang='lat' dir='ltr'><strong>templa]</strong></span> <span class='ocrx_word' id='word_1_8' title='bbox 378 175 404 214; x_wconf 84' lang='lat' dir='ltr'><strong>ad</strong></span> <span class='ocrx_word' id='word_1_9' title='bbox 414 175 474 213; x_wconf 83' lang='lat' dir='ltr'><strong>Ennii</strong></span> <span class='ocrx_word' id='word_1_10' title='bbox 486 175 605 227; x_wconf 84' lang='lat' dir='ltr'><strong>exemplum</strong></span> <span class='ocrx_word' id='word_1_11' title='bbox 615 189 636 228; x_wconf 92' lang='lat' dir='ltr'><strong>p.</strong></span> <span class='ocrx_word' id='word_1_12' title='bbox 650 176 683 218; x_wconf 80' lang='grc'><strong>34.</strong></span> <span class='ocrx_word' id='word_1_13' title='bbox 697 178 741 226; x_wconf 83' lang='lat' dir='ltr'><strong>(ubi</strong></span> <span class='ocrx_word' id='word_1_14' title='bbox 753 178 795 219; x_wconf 87' lang='lat' dir='ltr'><strong>vid.</strong></span> 
     </span>
     <span class='ocr_line' id='line_1_3' title="bbox 82 227 796 281; baseline -0.006 -9"><span class='ocrx_word' id='word_1_15' title='bbox 82 233 194 274; x_wconf 79' lang='lat' dir='ltr'>Columna)</span> <span class='ocrx_word' id='word_1_16' title='bbox 205 236 225 268; x_wconf 88' lang='lat' dir='ltr'><strong>et</strong></span> <span class='ocrx_word' id='word_1_17' title='bbox 233 244 254 281; x_wconf 93' lang='lat' dir='ltr'><strong>p.</strong></span> <span class='ocrx_word' id='word_1_18' title='bbox 265 228 310 271; x_wconf 75' lang='lat'>124.</span> <span class='ocrx_word' id='word_1_19' title='bbox 321 233 380 268; x_wconf 79' lang='lat' dir='ltr'><strong>Hess.</strong></span> <span class='ocrx_word' id='word_1_20' title='bbox 396 227 458 277; x_wconf 88' lang='lat' dir='ltr'><strong>(Vid.</strong></span> <span class='ocrx_word' id='word_1_21' title='bbox 469 228 542 274; x_wconf 79' lang='lat' dir='ltr'><strong>etiam,</strong></span> <span class='ocrx_word' id='word_1_22' title='bbox 558 241 611 280; x_wconf 86' lang='lat' dir='ltr'><strong>quae</strong></span> <span class='ocrx_word' id='word_1_23' title='bbox 625 229 658 271; x_wconf 78' lang='lat' dir='ltr'><strong>ad.</strong></span> <span class='ocrx_word' id='word_1_24' title='bbox 667 244 687 269; x_wconf 86' lang='lat' dir='ltr'><strong>v.</strong></span> <span class='ocrx_word' id='word_1_25' title='bbox 699 233 744 271; x_wconf 85' lang='lat'>121.</span> <span class='ocrx_word' id='word_1_26' title='bbox 753 231 796 268; x_wconf 81' lang='lat' dir='ltr'><strong>&#39;dis-</strong></span> 
     </span>
     <span class='ocr_line' id='line_1_4' title="bbox 79 284 624 337; baseline -0.009 -13"><span class='ocrx_word' id='word_1_27' title='bbox 79 284 208 337; x_wconf 54' lang='lat' dir='ltr'><strong>putavimus</strong></span> <span class='ocrx_word' id='word_1_28' title='bbox 441 284 442 288; x_wconf 78' lang='grc'>’</span> <span class='ocrx_word' id='word_1_29' title='bbox 620 298 624 301; x_wconf 69' lang='grc'>’</span> 
     </span>
    </p>

    <p class='ocr_par' dir='ltr' id='par_1_3' title="bbox 76 331 798 646">
     <span class='ocr_line' id='line_1_5' title="bbox 132 331 797 385; baseline -0.005 -11"><span class='ocrx_word' id='word_1_30' title='bbox 132 333 189 374; x_wconf 80' lang='lat'>1014.</span> <span class='ocrx_word' id='word_1_31' title='bbox 215 332 283 372; x_wconf 68' lang='lat' dir='ltr'><strong>clinem</strong></span> <span class='ocrx_word' id='word_1_32' title='bbox 297 347 383 385; x_wconf 79' lang='lat' dir='ltr'><strong>corpora</strong></span> <span class='ocrx_word' id='word_1_33' title='bbox 398 331 482 381; x_wconf 76' lang='lat' dir='ltr'><strong>sancta]</strong></span> <span class='ocrx_word' id='word_1_34' title='bbox 504 331 563 370; x_wconf 84' lang='lat' dir='ltr'><strong>Goui.</strong></span> <span class='ocrx_word' id='word_1_35' title='bbox 576 345 639 383; x_wconf 81' lang='lat' dir='ltr'><strong>supra</strong></span> <span class='ocrx_word' id='word_1_36' title='bbox 652 335 715 375; x_wconf 62' lang='lat' dir='ltr'>v..39.</span> <span class='ocrx_word' id='word_1_37' title='bbox 727 335 797 371; x_wconf 67' lang='lat' dir='ltr'><strong>&#39;etun-</strong></span> 
     </span>
     <span class='ocr_line' id='line_1_6' title="bbox 80 381 797 437; baseline -0.004 -11"><span class='ocrx_word' id='word_1_38' title='bbox 80 387 126 426; x_wconf 87' lang='lat' dir='ltr'><strong>uius</strong></span> <span class='ocrx_word' id='word_1_39' title='bbox 140 386 196 437; x_wconf 87' lang='lat' dir='ltr'><strong>apud</strong></span> <span class='ocrx_word' id='word_1_40' title='bbox 205 385 246 426; x_wconf 82' lang='lat' dir='ltr'><strong>Cic.</strong></span> <span class='ocrx_word' id='word_1_41' title='bbox 258 385 284 423; x_wconf 92' lang='lat' dir='ltr'><strong>de</strong></span> <span class='ocrx_word' id='word_1_42' title='bbox 296 384 336 423; x_wconf 78' lang='lat' dir='ltr'><strong>div.</strong></span> <span class='ocrx_word' id='word_1_43' title='bbox 347 381 406 431; x_wconf 57' lang='lat'><strong>148.</strong></span> <span class='ocrx_word' id='word_1_44' title='bbox 419 384 452 434; x_wconf 87' lang='lat' dir='ltr'><strong>(p.</strong></span> <span class='ocrx_word' id='word_1_45' title='bbox 462 381 494 423; x_wconf 74' lang='lat'><strong>24.</strong></span> <span class='ocrx_word' id='word_1_46' title='bbox 507 386 576 433; x_wconf 87' lang='lat' dir='ltr'><strong>Hess.)</strong></span> <span class='ocrx_word' id='word_1_47' title='bbox 600 385 667 423; x_wconf 79' lang='lat' dir='ltr'>Simili</span> <span class='ocrx_word' id='word_1_48' title='bbox 683 386 797 424; x_wconf 81' lang='lat' dir='ltr'><strong>verborum</strong></span> 
     </span>
     <span class='ocr_line' id='line_1_7' title="bbox 81 438 797 491; baseline -0.001 -14"><span class='ocrx_word' id='word_1_49' title='bbox 81 438 171 486; x_wconf 83' lang='lat' dir='ltr'><strong>circuitu</strong></span> <span class='ocrx_word' id='word_1_50' title='bbox 180 440 241 484; x_wconf 84' lang='lat' dir='ltr'><strong>Luor.</strong></span> <span class='ocrx_word' id='word_1_51' title='bbox 253 439 346 486; x_wconf 59' lang='lat'>111083.</span> <span class='ocrx_word' id='word_1_52' title='bbox 359 452 444 489; x_wconf 83' lang='lat' dir='ltr'><strong>corporo</strong></span> <span class='ocrx_word' id='word_1_53' title='bbox 454 438 558 476; x_wconf 81' lang='lat' dir='ltr'><strong>volantum</strong></span> <span class='ocrx_word' id='word_1_54' title='bbox 570 444 590 474; x_wconf 86' lang='lat' dir='ltr'><strong>et</strong></span> <span class='ocrx_word' id='word_1_55' title='bbox 599 438 627 485; x_wconf 84' lang='grc' dir='ltr'><strong>ΙΙ,</strong></span> <span class='ocrx_word' id='word_1_56' title='bbox 639 439 696 478; x_wconf 83' lang='grc'><strong>1153.</strong></span> <span class='ocrx_word' id='word_1_57' title='bbox 711 452 797 491; x_wconf 79' lang='lat' dir='ltr'><strong>corpora</strong></span> 
     </span>
     <span class='ocr_line' id='line_1_8' title="bbox 76 488 796 544; baseline -0.007 -14"><span class='ocrx_word' id='word_1_58' title='bbox 76 492 172 544; x_wconf 81' lang='lat' dir='ltr'><strong>ferarum</strong></span> <span class='ocrx_word' id='word_1_59' title='bbox 189 489 251 538; x_wconf 81' lang='lat' dir='ltr'><strong>dicit,</strong></span> <span class='ocrx_word' id='word_1_60' title='bbox 272 489 397 540; x_wconf 79' lang='lat' dir='ltr'><strong>quibuscum</strong></span> <span class='ocrx_word' id='word_1_61' title='bbox 411 488 462 525; x_wconf 86' lang='lat' dir='ltr'><strong>locis</strong></span> <span class='ocrx_word' id='word_1_62' title='bbox 474 489 591 538; x_wconf 86' lang='lat' dir='ltr'><strong>comparari</strong></span> <span class='ocrx_word' id='word_1_63' title='bbox 600 496 685 538; x_wconf 83' lang='lat' dir='ltr'><strong>possunt</strong></span> <span class='ocrx_word' id='word_1_64' title='bbox 702 490 796 536; x_wconf 66' lang='lat' dir='ltr'>1L5878.</span> 
     </span>
     <span class='ocr_line' id='line_1_9' title="bbox 81 540 798 595; baseline -0.001 -14"><span class='ocrx_word' id='word_1_65' title='bbox 81 558 167 595; x_wconf 79' lang='lat' dir='ltr'><strong>corpora</strong></span> <span class='ocrx_word' id='word_1_66' title='bbox 176 545 344 595; x_wconf 76' lang='lat' dir='ltr'><em>pennipotentum</em></span> <span class='ocrx_word' id='word_1_67' title='bbox 355 546 376 577; x_wconf 87' lang='lat' dir='ltr'><strong>et</strong></span> <span class='ocrx_word' id='word_1_68' title='bbox 387 540 411 586; x_wconf 90' lang='lat' dir='ltr'><strong>V,</strong></span> <span class='ocrx_word' id='word_1_69' title='bbox 425 541 470 579; x_wconf 80' lang='lat'><strong>960.</strong></span> <span class='ocrx_word' id='word_1_70' title='bbox 487 556 571 592; x_wconf 77' lang='lat' dir='ltr'><strong>corpora</strong></span> <span class='ocrx_word' id='word_1_71' title='bbox 586 552 701 588; x_wconf 78' lang='lat' dir='ltr'><strong>amantum,</strong></span> <span class='ocrx_word' id='word_1_72' title='bbox 714 541 751 579; x_wconf 86' lang='lat' dir='ltr'><strong>ubi</strong></span> <span class='ocrx_word' id='word_1_73' title='bbox 765 547 798 580; x_wconf 73' lang='lat' dir='ltr'><strong>‘ta-</strong></span> 
     </span>
     <span class='ocr_line' id='line_1_10' title="bbox 80 591 636 646; baseline -0.005 -14"><span class='ocrx_word' id='word_1_74' title='bbox 80 606 130 632; x_wconf 86' lang='lat' dir='ltr'><strong>men</strong></span> <span class='ocrx_word' id='word_1_75' title='bbox 140 605 180 631; x_wconf 84' lang='lat' dir='ltr'><strong>vox</strong></span> <span class='ocrx_word' id='word_1_76' title='bbox 188 609 273 646; x_wconf 80' lang='lat' dir='ltr'><strong>corpora</strong></span> <span class='ocrx_word' id='word_1_77' title='bbox 283 605 326 629; x_wconf 83' lang='lat' dir='ltr'><strong>non</strong></span> <span class='ocrx_word' id='word_1_78' title='bbox 336 603 420 642; x_wconf 83' lang='lat' dir='ltr'><strong>prorsus</strong></span> <span class='ocrx_word' id='word_1_79' title='bbox 432 591 539 628; x_wconf 80' lang='lat' dir='ltr'><strong>abundare</strong></span> <span class='ocrx_word' id='word_1_80' title='bbox 548 591 636 630; x_wconf 83' lang='lat' dir='ltr'><strong>videtur.</strong></span> 
     </span>
    </p>

    <p class='ocr_par' dir='ltr' id='par_1_4' title="bbox 76 643 800 1001">
     <span class='ocr_line' id='line_1_11' title="bbox 134 643 797 694; baseline -0.005 -9"><span class='ocrx_word' id='word_1_81' title='bbox 134 647 193 685; x_wconf 77' lang='lat'>1016.</span> <span class='ocrx_word' id='word_1_82' title='bbox 220 644 290 694; x_wconf 75' lang='lat' dir='ltr'><strong>coetu]</strong></span> <span class='ocrx_word' id='word_1_83' title='bbox 304 644 334 681; x_wconf 91' lang='lat' dir='ltr'><strong>sic</strong></span> <span class='ocrx_word' id='word_1_84' title='bbox 346 649 430 692; x_wconf 83' lang='lat' dir='ltr'><strong>praeter</strong></span> <span class='ocrx_word' id='word_1_85' title='bbox 442 655 514 680; x_wconf 83' lang='lat' dir='ltr'><strong>omnes</strong></span> <span class='ocrx_word' id='word_1_86' title='bbox 527 643 572 680; x_wconf 84' lang='lat' dir='ltr'><strong>fere</strong></span> <span class='ocrx_word' id='word_1_87' title='bbox 589 643 654 683; x_wconf 90' lang='lat' dir='ltr'><strong>Godd.</strong></span> <span class='ocrx_word' id='word_1_88' title='bbox 671 644 718 692; x_wconf 88' lang='lat' dir='ltr'><strong>edit.</strong></span> <span class='ocrx_word' id='word_1_89' title='bbox 732 644 797 693; x_wconf 84' lang='lat' dir='ltr'><strong>Brix.;</strong></span> 
     </span>
     <span class='ocr_line' id='line_1_12' title="bbox 83 694 799 745; baseline 0 -10"><span class='ocrx_word' id='word_1_90' title='bbox 83 704 168 735; x_wconf 87' lang='lat' dir='ltr'><strong>ceterae</strong></span> <span class='ocrx_word' id='word_1_91' title='bbox 178 696 235 743; x_wconf 78' lang='lat' dir='ltr'><strong>editt.</strong></span> <span class='ocrx_word' id='word_1_92' title='bbox 244 702 295 733; x_wconf 85' lang='lat' dir='ltr'><strong>vett.</strong></span> <span class='ocrx_word' id='word_1_93' title='bbox 306 701 379 731; x_wconf 81' lang='lat' dir='ltr'><strong>eontra</strong></span> <span class='ocrx_word' id='word_1_94' title='bbox 392 698 484 730; x_wconf 85' lang='lat' dir='ltr'><strong>metrum</strong></span> <span class='ocrx_word' id='word_1_95' title='bbox 493 697 555 741; x_wconf 79' lang='lat' dir='ltr'><strong>coitu,</strong></span> <span class='ocrx_word' id='word_1_96' title='bbox 569 694 626 744; x_wconf 83' lang='lat' dir='ltr'><strong>quod</strong></span> <span class='ocrx_word' id='word_1_97' title='bbox 636 696 721 745; x_wconf 82' lang='lat' dir='ltr'>proprie</span> <span class='ocrx_word' id='word_1_98' title='bbox 732 709 799 735; x_wconf 90' lang='lat' dir='ltr'><strong>unum</strong></span> 
     </span>
     <span class='ocr_line' id='line_1_13' title="bbox 80 743 799 798; baseline -0.001 -12"><span class='ocrx_word' id='word_1_99' title='bbox 80 749 180 798; x_wconf 81' lang='lat' dir='ltr'><strong>idemque</strong></span> <span class='ocrx_word' id='word_1_100' title='bbox 190 759 239 784; x_wconf 85' lang='lat' dir='ltr'><strong>cum</strong></span> <span class='ocrx_word' id='word_1_101' title='bbox 248 746 286 782; x_wconf 85' lang='lat' dir='ltr'><strong>illo</strong></span> <span class='ocrx_word' id='word_1_102' title='bbox 296 744 422 782; x_wconf 78' lang='lat' dir='ltr'><strong>vocabulum</strong></span> <span class='ocrx_word' id='word_1_103' title='bbox 433 743 479 782; x_wconf 84' lang='lat' dir='ltr'><strong>fuit.</strong></span> <span class='ocrx_word' id='word_1_104' title='bbox 492 745 579 793; x_wconf 79' lang='lat' dir='ltr'><strong>Noster,</strong></span> <span class='ocrx_word' id='word_1_105' title='bbox 599 752 682 794; x_wconf 80' lang='lat' dir='ltr'><strong>praeter</strong></span> <span class='ocrx_word' id='word_1_106' title='bbox 694 747 766 787; x_wconf 74' lang='lat' dir='ltr'><strong>locum</strong></span> <span class='ocrx_word' id='word_1_107' title='bbox 781 749 799 797; x_wconf 75' lang='lat' dir='ltr'><strong>t,</strong></span> 
     </span>
     <span class='ocr_line' id='line_1_14' title="bbox 82 795 799 847; baseline 0.001 -12"><span class='ocrx_word' id='word_1_108' title='bbox 82 801 128 847; x_wconf 72' lang='grc'><strong>816,</strong></span> <span class='ocrx_word' id='word_1_109' title='bbox 142 809 225 845; x_wconf 84' lang='lat' dir='ltr'><strong>semper</strong></span> <span class='ocrx_word' id='word_1_110' title='bbox 235 796 301 834; x_wconf 83' lang='lat' dir='ltr'><strong>utitur</strong></span> <span class='ocrx_word' id='word_1_111' title='bbox 309 796 380 834; x_wconf 82' lang='lat' dir='ltr'><strong>forma</strong></span> <span class='ocrx_word' id='word_1_112' title='bbox 392 806 466 834; x_wconf 81' lang='lat' dir='ltr'><strong>coetus.</strong></span> <span class='ocrx_word' id='word_1_113' title='bbox 485 795 545 834; x_wconf 80' lang='lat' dir='ltr'>Wak.</span> <span class='ocrx_word' id='word_1_114' title='bbox 563 797 625 834; x_wconf 84' lang='lat' dir='ltr'><strong>affert</strong></span> <span class='ocrx_word' id='word_1_115' title='bbox 635 798 708 835; x_wconf 86' lang='lat' dir='ltr'><strong>Silium</strong></span> <span class='ocrx_word' id='word_1_116' title='bbox 727 800 743 846; x_wconf 85' lang='grc' dir='ltr'><strong>Ι,</strong></span> <span class='ocrx_word' id='word_1_117' title='bbox 754 800 799 839; x_wconf 78' lang='grc'><strong>638.</strong></span> 
     </span>
     <span class='ocr_line' id='line_1_15' title="bbox 81 844 800 899; baseline 0 -12"><span class='ocrx_word' id='word_1_118' title='bbox 81 849 172 894; x_wconf 78' lang='lat' dir='ltr'><strong>Statium</strong></span> <span class='ocrx_word' id='word_1_119' title='bbox 181 848 246 886; x_wconf 88' lang='lat' dir='ltr'><strong>Theb.</strong></span> <span class='ocrx_word' id='word_1_120' title='bbox 257 849 300 896; x_wconf 88' lang='lat' dir='ltr'><strong>lV.‚</strong></span> <span class='ocrx_word' id='word_1_121' title='bbox 311 844 356 887; x_wconf 76' lang='lat'><strong>214.</strong></span> <span class='ocrx_word' id='word_1_122' title='bbox 371 850 446 886; x_wconf 83' lang='lat' dir='ltr'><strong>Auson.</strong></span> <span class='ocrx_word' id='word_1_123' title='bbox 456 846 511 898; x_wconf 71' lang='lat' dir='ltr'><strong>epig.</strong></span> <span class='ocrx_word' id='word_1_124' title='bbox 524 849 557 887; x_wconf 82' lang='lat'><strong>71.</strong></span> <span class='ocrx_word' id='word_1_125' title='bbox 573 855 594 885; x_wconf 88' lang='lat' dir='ltr'><strong>et</strong></span> <span class='ocrx_word' id='word_1_126' title='bbox 603 850 658 899; x_wconf 64' lang='lat'><strong>103„</strong></span> <span class='ocrx_word' id='word_1_127' title='bbox 672 849 762 887; x_wconf 88' lang='lat' dir='ltr'><strong>eundem</strong></span> <span class='ocrx_word' id='word_1_128' title='bbox 777 851 800 887; x_wconf 88' lang='lat' dir='ltr'><strong>in</strong></span> 
     </span>
     <span class='ocr_line' id='line_1_16' title="bbox 76 897 799 953; baseline 0 -12"><span class='ocrx_word' id='word_1_129' title='bbox 76 902 169 952; x_wconf 76' lang='lat' dir='ltr'><strong>Ephem.</strong></span> <span class='ocrx_word' id='word_1_130' title='bbox 178 900 217 938; x_wconf 91' lang='lat' dir='ltr'><strong>ult.</strong></span> <span class='ocrx_word' id='word_1_131' title='bbox 231 901 305 948; x_wconf 81' lang='lat'>(157.)</span> <span class='ocrx_word' id='word_1_132' title='bbox 321 900 352 938; x_wconf 85' lang='lat'><strong>11.</strong></span> <span class='ocrx_word' id='word_1_133' title='bbox 367 904 388 936; x_wconf 92' lang='lat' dir='ltr'><strong>et</strong></span> <span class='ocrx_word' id='word_1_134' title='bbox 402 899 480 937; x_wconf 74' lang='lat' dir='ltr'><strong>ernob.</strong></span> <span class='ocrx_word' id='word_1_135' title='bbox 490 900 525 938; x_wconf 86' lang='lat' dir='ltr'><strong>lV.</strong></span> <span class='ocrx_word' id='word_1_136' title='bbox 535 912 556 949; x_wconf 87' lang='lat' dir='ltr'><strong>p.</strong></span> <span class='ocrx_word' id='word_1_137' title='bbox 567 897 611 939; x_wconf 73' lang='lat'>141.</span> <span class='ocrx_word' id='word_1_138' title='bbox 624 902 646 940; x_wconf 81' lang='lat' dir='ltr'><strong>V.</strong></span> <span class='ocrx_word' id='word_1_139' title='bbox 656 913 677 951; x_wconf 84' lang='lat' dir='ltr'><strong>p.</strong></span> <span class='ocrx_word' id='word_1_140' title='bbox 689 901 746 951; x_wconf 60' lang='lat'><strong>187„</strong></span> <span class='ocrx_word' id='word_1_141' title='bbox 763 902 799 953; x_wconf 68' lang='lat' dir='ltr'><strong>qui</strong></span> 
     </span>
     <span class='ocr_line' id='line_1_17' title="bbox 84 951 619 1001; baseline -0.006 -10"><span class='ocrx_word' id='word_1_142' title='bbox 84 965 156 991; x_wconf 89' lang='lat' dir='ltr'><strong>omnes</strong></span> <span class='ocrx_word' id='word_1_143' title='bbox 167 964 244 991; x_wconf 81' lang='lat' dir='ltr'><strong>coetum</strong></span> <span class='ocrx_word' id='word_1_144' title='bbox 257 951 283 989; x_wconf 87' lang='lat' dir='ltr'><strong>de</strong></span> <span class='ocrx_word' id='word_1_145' title='bbox 294 963 406 1001; x_wconf 79' lang='lat' dir='ltr'><strong>congressu</strong></span> <span class='ocrx_word' id='word_1_146' title='bbox 414 962 504 995; x_wconf 82' lang='lat' dir='ltr'><strong>venereo</strong></span> <span class='ocrx_word' id='word_1_147' title='bbox 512 957 619 1001; x_wconf 79' lang='lat' dir='ltr'><strong>usurpant.</strong></span> 
     </span>
    </p>

    <p class='ocr_par' dir='ltr' id='par_1_5' title="bbox 81 1000 841 1724">
     <span class='ocr_line' id='line_1_18' title="bbox 95 1000 798 1053; baseline 0.003 -13"><span class='ocrx_word' id='word_1_148' title='bbox 95 1036 104 1041; x_wconf 87' lang='lat'><strong>..</strong></span> <span class='ocrx_word' id='word_1_149' title='bbox 135 1006 193 1044; x_wconf 89' lang='lat'>1021.</span> <span class='ocrx_word' id='word_1_150' title='bbox 219 1019 255 1043; x_wconf 81' lang='lat' dir='ltr'><strong>suo</strong></span> <span class='ocrx_word' id='word_1_151' title='bbox 270 1000 428 1053; x_wconf 74' lang='grc' dir='ltr'><strong>μονοσυλλάβως</strong></span> <span class='ocrx_word' id='word_1_152' title='bbox 437 1003 621 1052; x_wconf 79' lang='lat' dir='ltr'><strong>pronuntiandum,</strong></span> <span class='ocrx_word' id='word_1_153' title='bbox 629 1009 652 1041; x_wconf 86' lang='lat' dir='ltr'><strong>ut</strong></span> <span class='ocrx_word' id='word_1_154' title='bbox 660 1003 683 1041; x_wconf 90' lang='lat' dir='ltr'><strong>iu</strong></span> <span class='ocrx_word' id='word_1_155' title='bbox 691 1016 752 1042; x_wconf 81' lang='lat' dir='ltr'><strong>versu</strong></span> <span class='ocrx_word' id='word_1_156' title='bbox 760 1002 798 1042; x_wconf 91' lang='lat' dir='ltr'><strong>illo</strong></span> 
     </span>
     <span class='ocr_line' id='line_1_19' title="bbox 82 1055 841 1111; baseline -0.001 -16"><span class='ocrx_word' id='word_1_157' title='bbox 82 1055 144 1095; x_wconf 82' lang='lat' dir='ltr'><strong>Ennii</strong></span> <span class='ocrx_word' id='word_1_158' title='bbox 155 1058 187 1105; x_wconf 77' lang='lat' dir='ltr'><strong>[p.</strong></span> <span class='ocrx_word' id='word_1_159' title='bbox 200 1057 233 1095; x_wconf 83' lang='lat'><strong>28.</strong></span> <span class='ocrx_word' id='word_1_160' title='bbox 249 1057 319 1098; x_wconf 86' lang='lat' dir='ltr'><strong>Hess.)</strong></span> <span class='ocrx_word' id='word_1_161' title='bbox 337 1057 383 1094; x_wconf 81' lang='lat' dir='ltr'><strong>Illis</strong></span> <span class='ocrx_word' id='word_1_162' title='bbox 398 1069 450 1111; x_wconf 37' lang='lat' dir='ltr'><strong>suos·</strong></span> <span class='ocrx_word' id='word_1_163' title='bbox 459 1056 514 1093; x_wconf 74' lang='lat' dir='ltr'><strong>clivis</strong></span> <span class='ocrx_word' id='word_1_164' title='bbox 528 1069 571 1093; x_wconf 78' lang='lat' dir='ltr'><strong>mos</strong></span> <span class='ocrx_word' id='word_1_165' title='bbox 585 1057 702 1107; x_wconf 79' lang='lat' dir='ltr'><strong>sacrificare</strong></span> <span class='ocrx_word' id='word_1_166' title='bbox 714 1058 800 1107; x_wconf 77' lang='lat' dir='ltr'><strong>puellos,</strong></span> <span class='ocrx_word' id='word_1_167' title='bbox 839 1061 841 1065; x_wconf 61' lang='lat'><em>⁴</em></span> 
     </span>
     <span class='ocr_line' id='line_1_20' title="bbox 84 1105 809 1207; baseline -0.008 -10"><span class='ocrx_word' id='word_1_168' title='bbox 84 1105 809 1207; x_wconf 43' lang='lat' dir='ltr'><strong>tibitibi.)(lfftltltt‘blilttit,2152221-</strong></span> 
     </span>
     <span class='ocr_line' id='line_1_21' title="bbox 86 1206 802 1258; baseline 0 -11"><span class='ocrx_word' id='word_1_169' title='bbox 86 1222 121 1248; x_wconf 92' lang='lat' dir='ltr'><strong>sus</strong></span> <span class='ocrx_word' id='word_1_170' title='bbox 128 1209 195 1257; x_wconf 77' lang='lat' dir='ltr'><strong>nostri</strong></span> <span class='ocrx_word' id='word_1_171' title='bbox 205 1211 284 1247; x_wconf 70' lang='lat'>1020-</span> <span class='ocrx_word' id='word_1_172' title='bbox 291 1209 348 1247; x_wconf 82' lang='lat'>1025.</span> <span class='ocrx_word' id='word_1_173' title='bbox 360 1206 476 1257; x_wconf 78' lang='lat' dir='ltr'><strong>paullulum</strong></span> <span class='ocrx_word' id='word_1_174' title='bbox 485 1207 561 1244; x_wconf 87' lang='lat' dir='ltr'><strong>mutati</strong></span> <span class='ocrx_word' id='word_1_175' title='bbox 570 1215 699 1258; x_wconf 82' lang='lat' dir='ltr'><strong>repetuntur,</strong></span> <span class='ocrx_word' id='word_1_176' title='bbox 709 1209 802 1258; x_wconf 84' lang='lat' dir='ltr'><strong>eiusdem</strong></span> 
     </span>
     <span class='ocr_line' id='line_1_22' title="bbox 86 1257 802 1310; baseline 0 -11"><span class='ocrx_word' id='word_1_177' title='bbox 86 1260 145 1299; x_wconf 82' lang='lat' dir='ltr'><strong>vocis</strong></span> <span class='ocrx_word' id='word_1_178' title='bbox 156 1259 253 1310; x_wconf 74' lang='lat' dir='ltr'><strong>synizesis</strong></span> <span class='ocrx_word' id='word_1_179' title='bbox 261 1259 360 1307; x_wconf 74' lang='lat' dir='ltr'><strong>recurrit,</strong></span> <span class='ocrx_word' id='word_1_180' title='bbox 369 1266 395 1306; x_wconf 83' lang='lat' dir='ltr'><strong>et</strong></span> <span class='ocrx_word' id='word_1_181' title='bbox 405 1257 481 1295; x_wconf 83' lang='lat' dir='ltr'><strong>similia</strong></span> <span class='ocrx_word' id='word_1_182' title='bbox 492 1258 586 1310; x_wconf 85' lang='lat' dir='ltr'><strong>exempla</strong></span> <span class='ocrx_word' id='word_1_183' title='bbox 596 1259 713 1309; x_wconf 82' lang='lat' dir='ltr'><strong>saepissime</strong></span> <span class='ocrx_word' id='word_1_184' title='bbox 723 1259 802 1299; x_wconf 86' lang='lat' dir='ltr'><strong>inveni-</strong></span> 
     </span>
     <span class='ocr_line' id='line_1_23' title="bbox 86 1309 802 1361; baseline 0.004 -12"><span class='ocrx_word' id='word_1_185' title='bbox 86 1318 163 1355; x_wconf 84' lang='lat' dir='ltr'><strong>untur,</strong></span> <span class='ocrx_word' id='word_1_186' title='bbox 181 1323 223 1361; x_wconf 82' lang='lat' dir='ltr'><strong>qua</strong></span> <span class='ocrx_word' id='word_1_187' title='bbox 238 1311 264 1348; x_wconf 89' lang='lat' dir='ltr'><strong>de</strong></span> <span class='ocrx_word' id='word_1_188' title='bbox 277 1322 349 1348; x_wconf 82' lang='lat' dir='ltr'><strong>renos</strong></span> <span class='ocrx_word' id='word_1_189' title='bbox 363 1310 440 1359; x_wconf 84' lang='lat' dir='ltr'><strong>passim</strong></span> <span class='ocrx_word' id='word_1_190' title='bbox 452 1309 546 1347; x_wconf 81' lang='lat' dir='ltr'><strong>diximus.</strong></span> <span class='ocrx_word' id='word_1_191' title='bbox 573 1313 653 1349; x_wconf 90' lang='lat' dir='ltr'><strong>Tamen</strong></span> <span class='ocrx_word' id='word_1_192' title='bbox 666 1323 709 1357; x_wconf 87' lang='lat' dir='ltr'><strong>non</strong></span> <span class='ocrx_word' id='word_1_193' title='bbox 724 1313 802 1352; x_wconf 87' lang='lat' dir='ltr'><strong>mirum</strong></span> 
     </span>
     <span class='ocr_line' id='line_1_24' title="bbox 87 1360 802 1414; baseline 0.006 -14"><span class='ocrx_word' id='word_1_194' title='bbox 87 1370 125 1414; x_wconf 82' lang='lat' dir='ltr'><strong>est,</strong></span> <span class='ocrx_word' id='word_1_195' title='bbox 138 1362 237 1401; x_wconf 82' lang='lat' dir='ltr'><strong>librarios</strong></span> <span class='ocrx_word' id='word_1_196' title='bbox 246 1363 302 1399; x_wconf 87' lang='lat' dir='ltr'><strong>hunc</strong></span> <span class='ocrx_word' id='word_1_197' title='bbox 311 1374 401 1406; x_wconf 75' lang='lat' dir='ltr'><strong>versum,</strong></span> <span class='ocrx_word' id='word_1_198' title='bbox 412 1373 475 1412; x_wconf 75' lang='lat' dir='ltr'><strong>quem</strong></span> <span class='ocrx_word' id='word_1_199' title='bbox 485 1360 523 1399; x_wconf 89' lang='lat' dir='ltr'><strong>soli</strong></span> <span class='ocrx_word' id='word_1_200' title='bbox 533 1361 596 1400; x_wconf 85' lang='lat' dir='ltr'><strong>Codd.</strong></span> <span class='ocrx_word' id='word_1_201' title='bbox 605 1362 672 1413; x_wconf 82' lang='lat' dir='ltr'><strong>Lugd.</strong></span> <span class='ocrx_word' id='word_1_202' title='bbox 683 1365 701 1402; x_wconf 91' lang='lat'><strong>1.</strong></span> <span class='ocrx_word' id='word_1_203' title='bbox 710 1364 730 1403; x_wconf 87' lang='lat'><strong>2.</strong></span> <span class='ocrx_word' id='word_1_204' title='bbox 743 1365 802 1405; x_wconf 86' lang='lat' dir='ltr'><strong>Gotr.</strong></span> 
     </span>
     <span class='ocr_line' id='line_1_25' title="bbox 81 1413 803 1463; baseline 0.003 -11"><span class='ocrx_word' id='word_1_205' title='bbox 81 1421 145 1453; x_wconf 60' lang='lat' dir='ltr'><strong>recte</strong></span> <span class='ocrx_word' id='word_1_206' title='bbox 157 1414 267 1463; x_wconf 78' lang='lat' dir='ltr'><strong>exhibent,</strong></span> <span class='ocrx_word' id='word_1_207' title='bbox 280 1413 338 1452; x_wconf 80' lang='lat' dir='ltr'><strong>vario</strong></span> <span class='ocrx_word' id='word_1_208' title='bbox 350 1413 414 1451; x_wconf 90' lang='lat' dir='ltr'><strong>modo</strong></span> <span class='ocrx_word' id='word_1_209' title='bbox 425 1413 554 1463; x_wconf 79' lang='lat' dir='ltr'><strong>currupisse3</strong></span> <span class='ocrx_word' id='word_1_210' title='bbox 572 1427 621 1451; x_wconf 86' lang='lat' dir='ltr'><strong>nam</strong></span> <span class='ocrx_word' id='word_1_211' title='bbox 637 1414 696 1455; x_wconf 88' lang='lat' dir='ltr'><strong>Vind.</strong></span> <span class='ocrx_word' id='word_1_212' title='bbox 710 1421 731 1453; x_wconf 89' lang='lat' dir='ltr'><strong>et</strong></span> <span class='ocrx_word' id='word_1_213' title='bbox 744 1415 803 1458; x_wconf 87' lang='lat' dir='ltr'><strong>editt.</strong></span> 
     </span>
     <span class='ocr_line' id='line_1_26' title="bbox 87 1464 802 1522; baseline 0.004 -17"><span class='ocrx_word' id='word_1_214' title='bbox 87 1468 198 1506; x_wconf 74' lang='lat' dir='ltr'><strong>BriX.Ver.</strong></span> <span class='ocrx_word' id='word_1_215' title='bbox 209 1468 261 1504; x_wconf 74' lang='lat' dir='ltr'><strong>ven.</strong></span> <span class='ocrx_word' id='word_1_216' title='bbox 271 1481 337 1504; x_wconf 73' lang='lat' dir='ltr'><strong>resno</strong></span> <span class='ocrx_word' id='word_1_217' title='bbox 349 1481 422 1518; x_wconf 82' lang='lat' dir='ltr'><strong>neque,</strong></span> <span class='ocrx_word' id='word_1_218' title='bbox 441 1464 499 1503; x_wconf 85' lang='lat' dir='ltr'><strong>Bodl.</strong></span> <span class='ocrx_word' id='word_1_219' title='bbox 513 1464 563 1505; x_wconf 83' lang='lat' dir='ltr'><strong>Brit.</strong></span> <span class='ocrx_word' id='word_1_220' title='bbox 580 1467 599 1504; x_wconf 92' lang='lat'><strong>1.</strong></span> <span class='ocrx_word' id='word_1_221' title='bbox 616 1481 675 1519; x_wconf 80' lang='lat' dir='ltr'><strong>seque</strong></span> <span class='ocrx_word' id='word_1_222' title='bbox 685 1482 721 1505; x_wconf 80' lang='lat' dir='ltr'><strong>suo</strong></span> <span class='ocrx_word' id='word_1_223' title='bbox 733 1483 802 1522; x_wconf 82' lang='lat' dir='ltr'><strong>neque,</strong></span> 
     </span>
     <span class='ocr_line' id='line_1_27' title="bbox 87 1516 802 1571; baseline 0.004 -14"><span class='ocrx_word' id='word_1_224' title='bbox 87 1519 149 1558; x_wconf 85' lang='lat' dir='ltr'><strong>Poor.</strong></span> <span class='ocrx_word' id='word_1_225' title='bbox 164 1532 224 1571; x_wconf 77' lang='lat' dir='ltr'><strong>seque</strong></span> <span class='ocrx_word' id='word_1_226' title='bbox 239 1533 288 1566; x_wconf 63' lang='lat' dir='ltr'><strong>suo,</strong></span> <span class='ocrx_word' id='word_1_227' title='bbox 304 1516 353 1555; x_wconf 87' lang='lat' dir='ltr'><strong>Brit.</strong></span> <span class='ocrx_word' id='word_1_228' title='bbox 365 1519 385 1556; x_wconf 88' lang='lat'><strong>2.</strong></span> <span class='ocrx_word' id='word_1_229' title='bbox 399 1532 459 1569; x_wconf 77' lang='lat' dir='ltr'><strong>seque</strong></span> <span class='ocrx_word' id='word_1_230' title='bbox 469 1531 505 1555; x_wconf 82' lang='lat' dir='ltr'><strong>suo</strong></span> <span class='ocrx_word' id='word_1_231' title='bbox 517 1532 565 1563; x_wconf 81' lang='lat' dir='ltr'><strong>nec,</strong></span> <span class='ocrx_word' id='word_1_232' title='bbox 578 1516 628 1557; x_wconf 86' lang='lat' dir='ltr'><strong>Brit.</strong></span> <span class='ocrx_word' id='word_1_233' title='bbox 642 1518 696 1566; x_wconf 80' lang='lat' dir='ltr'><strong>3.·ne</strong></span> <span class='ocrx_word' id='word_1_234' title='bbox 707 1534 749 1571; x_wconf 83' lang='lat' dir='ltr'><strong>qua</strong></span> <span class='ocrx_word' id='word_1_235' title='bbox 759 1536 802 1570; x_wconf 81' lang='lat' dir='ltr'><strong>suo,</strong></span> 
     </span>
     <span class='ocr_line' id='line_1_28' title="bbox 89 1567 802 1623; baseline 0.001 -15"><span class='ocrx_word' id='word_1_236' title='bbox 89 1572 147 1609; x_wconf 79' lang='lat' dir='ltr'><strong>Ceut.</strong></span> <span class='ocrx_word' id='word_1_237' title='bbox 157 1585 200 1608; x_wconf 77' lang='lat' dir='ltr'><strong>sese</strong></span> <span class='ocrx_word' id='word_1_238' title='bbox 211 1584 308 1623; x_wconf 80' lang='lat' dir='ltr'><strong>quaeque,</strong></span> <span class='ocrx_word' id='word_1_239' title='bbox 320 1567 366 1608; x_wconf 80' lang='lat' dir='ltr'><strong>Ald.</strong></span> <span class='ocrx_word' id='word_1_240' title='bbox 376 1569 395 1607; x_wconf 92' lang='lat'><strong>1.</strong></span> <span class='ocrx_word' id='word_1_241' title='bbox 405 1571 455 1606; x_wconf 84' lang='lat' dir='ltr'><strong>Bon.</strong></span> <span class='ocrx_word' id='word_1_242' title='bbox 472 1583 494 1606; x_wconf 81' lang='lat' dir='ltr'><strong>se</strong></span> <span class='ocrx_word' id='word_1_243' title='bbox 503 1583 540 1607; x_wconf 82' lang='lat' dir='ltr'><strong>nec</strong></span> <span class='ocrx_word' id='word_1_244' title='bbox 550 1583 650 1621; x_wconf 78' lang='lat' dir='ltr'><strong>quaeque,</strong></span> <span class='ocrx_word' id='word_1_245' title='bbox 664 1571 716 1607; x_wconf 88' lang='lat' dir='ltr'><strong>lunt.</strong></span> <span class='ocrx_word' id='word_1_246' title='bbox 728 1571 802 1611; x_wconf 64' lang='lat' dir='ltr'><strong>Aius.</strong></span> 
     </span>
     <span class='ocr_line' id='line_1_29' title="bbox 89 1619 804 1674; baseline -0.001 -15"><span class='ocrx_word' id='word_1_247' title='bbox 89 1637 181 1674; x_wconf 78' lang='lat' dir='ltr'><strong>quaeque</strong></span> <span class='ocrx_word' id='word_1_248' title='bbox 191 1637 238 1665; x_wconf 83' lang='lat' dir='ltr'><strong>sno,</strong></span> <span class='ocrx_word' id='word_1_249' title='bbox 252 1632 325 1673; x_wconf 80' lang='lat' dir='ltr'><strong>atque,</strong></span> <span class='ocrx_word' id='word_1_250' title='bbox 343 1631 355 1656; x_wconf 87' lang='lat' dir='ltr'><strong>e</strong></span> <span class='ocrx_word' id='word_1_251' title='bbox 370 1619 501 1666; x_wconf 81' lang='lat' dir='ltr'><strong>coniectura,</strong></span> <span class='ocrx_word' id='word_1_252' title='bbox 514 1625 539 1656; x_wconf 87' lang='lat' dir='ltr'><strong>ut</strong></span> <span class='ocrx_word' id='word_1_253' title='bbox 547 1619 641 1667; x_wconf 58' lang='lat' dir='ltr'><strong>videtum</strong></span> <span class='ocrx_word' id='word_1_254' title='bbox 655 1620 710 1657; x_wconf 87' lang='lat' dir='ltr'><strong>unde</strong></span> <span class='ocrx_word' id='word_1_255' title='bbox 725 1621 804 1674; x_wconf 80' lang='lat' dir='ltr'><strong>aliquid</strong></span> 
     </span>
     <span class='ocr_line' id='line_1_30' title="bbox 89 1669 739 1724; baseline -0.003 -13"><span class='ocrx_word' id='word_1_256' title='bbox 89 1671 172 1724; x_wconf 81' lang='lat' dir='ltr'><strong>vulgari</strong></span> <span class='ocrx_word' id='word_1_257' title='bbox 179 1671 270 1709; x_wconf 84' lang='lat' dir='ltr'><strong>lectione</strong></span> <span class='ocrx_word' id='word_1_258' title='bbox 279 1671 347 1709; x_wconf 87' lang='lat' dir='ltr'><strong>verius</strong></span> <span class='ocrx_word' id='word_1_259' title='bbox 356 1670 465 1720; x_wconf 85' lang='lat' dir='ltr'><strong>aptiusque</strong></span> <span class='ocrx_word' id='word_1_260' title='bbox 475 1669 520 1707; x_wconf 86' lang='lat' dir='ltr'><strong>erui</strong></span> <span class='ocrx_word' id='word_1_261' title='bbox 530 1683 589 1720; x_wconf 87' lang='lat' dir='ltr'><strong>posse</strong></span> <span class='ocrx_word' id='word_1_262' title='bbox 600 1671 634 1708; x_wconf 80' lang='lat' dir='ltr'><strong>vix</strong></span> <span class='ocrx_word' id='word_1_263' title='bbox 644 1670 739 1709; x_wconf 83' lang='lat' dir='ltr'><strong>arbitror.</strong></span> 
     </span>
    </p>

    <p class='ocr_par' dir='ltr' id='par_1_6' title="bbox 56 1719 805 1878">
     <span class='ocr_line' id='line_1_31' title="bbox 144 1719 804 1776; baseline 0.002 -14"><span class='ocrx_word' id='word_1_264' title='bbox 144 1719 201 1762; x_wconf 85' lang='lat'>1022.</span> <span class='ocrx_word' id='word_1_265' title='bbox 228 1724 267 1759; x_wconf 83' lang='lat' dir='ltr'><strong>Pro</strong></span> <span class='ocrx_word' id='word_1_266' title='bbox 285 1721 353 1760; x_wconf 85' lang='lat' dir='ltr'><strong>verbis</strong></span> <span class='ocrx_word' id='word_1_267' title='bbox 372 1723 445 1761; x_wconf 83' lang='lat' dir='ltr'><strong>darent</strong></span> <span class='ocrx_word' id='word_1_268' title='bbox 459 1732 537 1770; x_wconf 74' lang='lat' dir='ltr'><strong>mutue,</strong></span> <span class='ocrx_word' id='word_1_269' title='bbox 553 1724 650 1775; x_wconf 80' lang='lat' dir='ltr'><strong>pepigere</strong></span> <span class='ocrx_word' id='word_1_270' title='bbox 668 1724 762 1776; x_wconf 79' lang='lat' dir='ltr'><strong>profecto</strong></span> <span class='ocrx_word' id='word_1_271' title='bbox 781 1724 804 1772; x_wconf 84' lang='lat' dir='ltr'><strong>in</strong></span> 
     </span>
     <span class='ocr_line' id='line_1_32' title="bbox 91 1773 805 1826; baseline 0.003 -13"><span class='ocrx_word' id='word_1_272' title='bbox 91 1774 158 1813; x_wconf 87' lang='lat' dir='ltr'><strong>Codd.</strong></span> <span class='ocrx_word' id='word_1_273' title='bbox 171 1773 237 1826; x_wconf 85' lang='lat' dir='ltr'><strong>Lugd.</strong></span> <span class='ocrx_word' id='word_1_274' title='bbox 252 1775 270 1812; x_wconf 90' lang='lat'><strong>1.</strong></span> <span class='ocrx_word' id='word_1_275' title='bbox 281 1776 301 1813; x_wconf 86' lang='lat'><strong>2.</strong></span> <span class='ocrx_word' id='word_1_276' title='bbox 309 1774 322 1825; x_wconf 29' lang='lat' dir='ltr'><strong>v(</strong></span> <span class='ocrx_word' id='word_1_277' title='bbox 328 1786 418 1825; x_wconf 79' lang='lat' dir='ltr'><strong>quorum</strong></span> <span class='ocrx_word' id='word_1_278' title='bbox 433 1773 469 1810; x_wconf 80' lang='lat' dir='ltr'><strong>ille</strong></span> <span class='ocrx_word' id='word_1_279' title='bbox 485 1778 597 1825; x_wconf 77' lang='lat' dir='ltr'><strong>utrumque</strong></span> <span class='ocrx_word' id='word_1_280' title='bbox 613 1786 696 1812; x_wconf 71' lang='lat' dir='ltr'><strong>uersum</strong></span> <span class='ocrx_word' id='word_1_281' title='bbox 711 1788 724 1813; x_wconf 80' lang='lat' dir='ltr'><strong>a</strong></span> <span class='ocrx_word' id='word_1_282' title='bbox 735 1776 805 1826; x_wconf 81' lang='lat' dir='ltr'><strong>prima</strong></span> 
     </span>
     <span class='ocr_line' id='line_1_33' title="bbox 56 1823 805 1878; baseline 0 -14"><span class='ocrx_word' id='word_1_283' title='bbox 56 1864 60 1866; x_wconf 73' lang='grc'><strong>,</strong></span> <span class='ocrx_word' id='word_1_284' title='bbox 90 1839 155 1864; x_wconf 81' lang='lat' dir='ltr'><strong>manu</strong></span> <span class='ocrx_word' id='word_1_285' title='bbox 166 1825 339 1875; x_wconf 84' lang='lat' dir='ltr'><strong>alitersoriptum</strong></span> <span class='ocrx_word' id='word_1_286' title='bbox 354 1824 487 1871; x_wconf 77' lang='lat' dir='ltr'><strong>exhibuerat)</strong></span> <span class='ocrx_word' id='word_1_287' title='bbox 500 1823 560 1864; x_wconf 83' lang='lat' dir='ltr'><strong>Vind.</strong></span> <span class='ocrx_word' id='word_1_288' title='bbox 571 1826 592 1875; x_wconf 69' lang='lat'><strong>²)</strong></span> <span class='ocrx_word' id='word_1_289' title='bbox 608 1832 629 1862; x_wconf 83' lang='lat' dir='ltr'><strong>et</strong></span> <span class='ocrx_word' id='word_1_290' title='bbox 642 1826 691 1865; x_wconf 89' lang='lat' dir='ltr'><strong>Brit.</strong></span> <span class='ocrx_word' id='word_1_291' title='bbox 705 1828 725 1866; x_wconf 75' lang='lat'><strong>3,</strong></span> <span class='ocrx_word' id='word_1_292' title='bbox 741 1841 805 1878; x_wconf 82' lang='lat' dir='ltr'><strong>appa·</strong></span> 
     </span>
    </p>
   </div>
   <div class='ocr_carea' id='block_1_3' title="bbox 22 1874 805 1929">
    <p class='ocr_par' dir='ltr' id='par_1_7' title="bbox 22 1874 805 1929">
     <span class='ocr_line' id='line_1_34' title="bbox 22 1874 805 1929; baseline 0.005 -13"><span class='ocrx_word' id='word_1_293' title='bbox 22 1882 24 1884; x_wconf 82' lang='lat'>&#39;</span> <span class='ocrx_word' id='word_1_294' title='bbox 58 1874 60 1876; x_wconf 61' lang='grc'>’</span> <span class='ocrx_word' id='word_1_295' title='bbox 89 1878 222 1917; x_wconf 79' lang='lat' dir='ltr'><strong>retalterum</strong></span> <span class='ocrx_word' id='word_1_296' title='bbox 232 1889 302 1915; x_wconf 84' lang='lat' dir='ltr'><strong>versus</strong></span> <span class='ocrx_word' id='word_1_297' title='bbox 313 1875 457 1926; x_wconf 85' lang='lat' dir='ltr'><strong>praecedentis</strong></span> <span class='ocrx_word' id='word_1_298' title='bbox 469 1874 579 1914; x_wconf 86' lang='lat' dir='ltr'><strong>dimidium</strong></span> <span class='ocrx_word' id='word_1_299' title='bbox 590 1880 662 1929; x_wconf 78' lang='lat' dir='ltr'><strong>sagaci</strong></span> <span class='ocrx_word' id='word_1_300' title='bbox 674 1889 739 1926; x_wconf 75' lang='lat' dir='ltr'><strong>mente</strong></span> <span class='ocrx_word' id='word_1_301' title='bbox 749 1882 805 1920; x_wconf 84' lang='lat' dir='ltr'><strong>loca-</strong></span> 
     </span>
    </p>
   </div>
   <div class='ocr_carea' id='block_1_4' title="bbox 81 1926 804 2081">
    <p class='ocr_par' dir='ltr' id='par_1_8' title="bbox 81 1926 804 2081">
     <span class='ocr_line' id='line_1_35' title="bbox 90 1926 804 1980; baseline 0.001 -11"><span class='ocrx_word' id='word_1_302' title='bbox 90 1929 278 1979; x_wconf 19' lang='lat' dir='ltr'><strong>runtprepetitum</strong></span> <span class='ocrx_word' id='word_1_303' title='bbox 294 1927 387 1979; x_wconf 79' lang='lat' dir='ltr'><strong>praefixo</strong></span> <span class='ocrx_word' id='word_1_304' title='bbox 401 1927 422 1965; x_wconf 87' lang='lat' dir='ltr'><strong>in</strong></span> <span class='ocrx_word' id='word_1_305' title='bbox 435 1926 482 1965; x_wconf 81' lang='lat' dir='ltr'><strong>Brit.</strong></span> <span class='ocrx_word' id='word_1_306' title='bbox 493 1928 512 1967; x_wconf 85' lang='lat'><strong>3.</strong></span> <span class='ocrx_word' id='word_1_307' title='bbox 524 1927 588 1968; x_wconf 90' lang='lat' dir='ltr'><strong>verbo</strong></span> <span class='ocrx_word' id='word_1_308' title='bbox 599 1939 673 1980; x_wconf 81' lang='lat' dir='ltr'><strong>gerunt</strong></span> <span class='ocrx_word' id='word_1_309' title='bbox 677 1944 685 1974; x_wconf 84' lang='lat'><strong>‚·</strong></span> <span class='ocrx_word' id='word_1_310' title='bbox 698 1928 752 1977; x_wconf 86' lang='lat' dir='ltr'><strong>unde</strong></span> <span class='ocrx_word' id='word_1_311' title='bbox 768 1930 804 1971; x_wconf 88' lang='lat' dir='ltr'><strong>fa-</strong></span> 
     </span>
     <span class='ocr_line' id='line_1_36' title="bbox 92 1978 802 2031; baseline -0.007 -13"><span class='ocrx_word' id='word_1_312' title='bbox 92 1988 160 2028; x_wconf 86' lang='lat' dir='ltr'><strong>ctum,</strong></span> <span class='ocrx_word' id='word_1_313' title='bbox 178 1987 202 2018; x_wconf 88' lang='lat' dir='ltr'><strong>ut</strong></span> <span class='ocrx_word' id='word_1_314' title='bbox 217 1980 284 2028; x_wconf 82' lang='lat' dir='ltr'><strong>omnis</strong></span> <span class='ocrx_word' id='word_1_315' title='bbox 299 1980 334 2017; x_wconf 85' lang='lat' dir='ltr'><strong>hic</strong></span> <span class='ocrx_word' id='word_1_316' title='bbox 347 1991 417 2016; x_wconf 86' lang='lat' dir='ltr'><strong>versus</strong></span> <span class='ocrx_word' id='word_1_317' title='bbox 431 1978 561 2016; x_wconf 84' lang='lat' dir='ltr'><strong>desideretur</strong></span> <span class='ocrx_word' id='word_1_318' title='bbox 573 1979 594 2015; x_wconf 90' lang='lat' dir='ltr'><strong>in</strong></span> <span class='ocrx_word' id='word_1_319' title='bbox 610 1979 668 2019; x_wconf 86' lang='lat' dir='ltr'><strong>Bodl.</strong></span> <span class='ocrx_word' id='word_1_320' title='bbox 678 1981 726 2021; x_wconf 85' lang='lat' dir='ltr'><strong>Brit.</strong></span> <span class='ocrx_word' id='word_1_321' title='bbox 735 1984 756 2031; x_wconf 71' lang='lat'><strong>2,</strong></span> <span class='ocrx_word' id='word_1_322' title='bbox 770 1985 802 2031; x_wconf 62' lang='lat' dir='ltr'><strong>*q</strong></span> 
     </span>
     <span class='ocr_line' id='line_1_37' title="bbox 81 2028 804 2081; baseline 0.006 -11"><span class='ocrx_word' id='word_1_323' title='bbox 81 2076 83 2080; x_wconf 25' lang='lat'><strong><em>¹</em></strong></span> <span class='ocrx_word' id='word_1_324' title='bbox 93 2033 152 2072; x_wconf 86' lang='lat' dir='ltr'><strong>Cant.</strong></span> <span class='ocrx_word' id='word_1_325' title='bbox 160 2038 181 2070; x_wconf 89' lang='lat' dir='ltr'><strong>et</strong></span> <span class='ocrx_word' id='word_1_326' title='bbox 190 2031 248 2071; x_wconf 80' lang='lat' dir='ltr'><strong>editt.</strong></span> <span class='ocrx_word' id='word_1_327' title='bbox 257 2033 305 2071; x_wconf 88' lang='lat' dir='ltr'><strong>Ver.</strong></span> <span class='ocrx_word' id='word_1_328' title='bbox 314 2033 364 2071; x_wconf 86' lang='lat' dir='ltr'><strong>Veu.</strong></span> <span class='ocrx_word' id='word_1_329' title='bbox 376 2030 473 2080; x_wconf 82' lang='lat' dir='ltr'><strong>(fortasse</strong></span> <span class='ocrx_word' id='word_1_330' title='bbox 484 2028 548 2068; x_wconf 87' lang='lat' dir='ltr'><strong>etiam</strong></span> <span class='ocrx_word' id='word_1_331' title='bbox 557 2029 579 2067; x_wconf 86' lang='lat' dir='ltr'><strong>in</strong></span> <span class='ocrx_word' id='word_1_332' title='bbox 589 2030 654 2081; x_wconf 70' lang='lat' dir='ltr'><strong>Brun,</strong></span> <span class='ocrx_word' id='word_1_333' title='bbox 666 2045 716 2071; x_wconf 88' lang='lat' dir='ltr'><strong>nam</strong></span> <span class='ocrx_word' id='word_1_334' title='bbox 726 2035 804 2074; x_wconf 77' lang='lat' dir='ltr'><strong>Gerar-</strong></span> 
     </span>
    </p>
   </div>
   <div class='ocr_carea' id='block_1_5' title="bbox 81 2179 806 2482">
    <p class='ocr_par' dir='ltr' id='par_1_9' title="bbox 81 2179 806 2444">
     <span class='ocr_line' id='line_1_38' title="bbox 105 2179 805 2236; baseline -0.004 -17"><span class='ocrx_word' id='word_1_335' title='bbox 105 2183 124 2232; x_wconf 74' lang='lat'><strong>*)</strong></span> <span class='ocrx_word' id='word_1_336' title='bbox 132 2184 161 2233; x_wconf 86' lang='lat'><strong>**)</strong></span> <span class='ocrx_word' id='word_1_337' title='bbox 175 2184 228 2220; x_wconf 84' lang='lat' dir='ltr'><strong>Mira</strong></span> <span class='ocrx_word' id='word_1_338' title='bbox 238 2183 259 2220; x_wconf 91' lang='lat' dir='ltr'><strong>in</strong></span> <span class='ocrx_word' id='word_1_339' title='bbox 270 2183 311 2220; x_wconf 86' lang='lat' dir='ltr'><strong>hoc</strong></span> <span class='ocrx_word' id='word_1_340' title='bbox 321 2182 383 2227; x_wconf 81' lang='lat' dir='ltr'><strong>loco.</strong></span> <span class='ocrx_word' id='word_1_341' title='bbox 402 2187 427 2220; x_wconf 88' lang='lat' dir='ltr'><strong>ut</strong></span> <span class='ocrx_word' id='word_1_342' title='bbox 438 2180 460 2219; x_wconf 88' lang='lat' dir='ltr'><strong>in</strong></span> <span class='ocrx_word' id='word_1_343' title='bbox 469 2180 514 2219; x_wconf 87' lang='lat' dir='ltr'><strong>aliis</strong></span> <span class='ocrx_word' id='word_1_344' title='bbox 524 2179 653 2231; x_wconf 73' lang='lat' dir='ltr'><strong>quibusdam,</strong></span> <span class='ocrx_word' id='word_1_345' title='bbox 669 2184 805 2236; x_wconf 62' lang='lat' dir='ltr'><strong>deprehendi.</strong></span> 
     </span>
     <span class='ocr_line' id='line_1_39' title="bbox 144 2232 804 2288; baseline 0.012 -16"><span class='ocrx_word' id='word_1_346' title='bbox 144 2241 179 2273; x_wconf 76' lang='lat' dir='ltr'><strong>tur</strong></span> <span class='ocrx_word' id='word_1_347' title='bbox 192 2232 317 2285; x_wconf 54' lang='lat' dir='ltr'><strong>lllakelieldi</strong></span> <span class='ocrx_word' id='word_1_348' title='bbox 330 2232 471 2285; x_wconf 82' lang='lat' dir='ltr'><strong>negligentia,</strong></span> <span class='ocrx_word' id='word_1_349' title='bbox 498 2233 534 2284; x_wconf 90' lang='lat' dir='ltr'><strong>qui</strong></span> <span class='ocrx_word' id='word_1_350' title='bbox 546 2232 640 2283; x_wconf 82' lang='lat' dir='ltr'><strong>primum</strong></span> <span class='ocrx_word' id='word_1_351' title='bbox 657 2234 730 2288; x_wconf 68' lang='lat' dir='ltr'><strong>dicat,⁴</strong></span> <span class='ocrx_word' id='word_1_352' title='bbox 744 2239 804 2280; x_wconf 86' lang='lat' dir='ltr'><strong>Vind.</strong></span> 
     </span>
     <span class='ocr_line' id='line_1_40' title="bbox 81 2285 805 2342; baseline 0.011 -20"><span class='ocrx_word' id='word_1_353' title='bbox 81 2328 82 2331; x_wconf 11' lang='grc' dir='ltr'><strong>Ἴ</strong></span> <span class='ocrx_word' id='word_1_354' title='bbox 144 2286 246 2337; x_wconf 81' lang='lat' dir='ltr'><strong>praebere</strong></span> <span class='ocrx_word' id='word_1_355' title='bbox 259 2285 374 2323; x_wconf 85' lang='lat' dir='ltr'><strong>lectionem</strong></span> <span class='ocrx_word' id='word_1_356' title='bbox 388 2301 433 2337; x_wconf 79' lang='lat' dir='ltr'><strong>sug.</strong></span> <span class='ocrx_word' id='word_1_357' title='bbox 444 2302 469 2325; x_wconf 86' lang='lat' dir='ltr'><strong>m.</strong></span> <span class='ocrx_word' id='word_1_358' title='bbox 481 2286 531 2330; x_wconf 72' lang='lat' dir='ltr'><strong>lon,</strong></span> <span class='ocrx_word' id='word_1_359' title='bbox 549 2290 593 2323; x_wconf 86' lang='lat' dir='ltr'><strong>tum</strong></span> <span class='ocrx_word' id='word_1_360' title='bbox 607 2299 656 2325; x_wconf 83' lang='lat' dir='ltr'><strong>vero</strong></span> <span class='ocrx_word' id='word_1_361' title='bbox 669 2288 692 2327; x_wconf 85' lang='lat' dir='ltr'><strong>iu</strong></span> <span class='ocrx_word' id='word_1_362' title='bbox 705 2290 747 2329; x_wconf 84' lang='lat' dir='ltr'><strong>hoc</strong></span> <span class='ocrx_word' id='word_1_363' title='bbox 759 2291 805 2342; x_wconf 89' lang='lat' dir='ltr'><strong>ipso</strong></span> 
     </span>
     <span class='ocr_line' id='line_1_41' title="bbox 146 2337 806 2393; baseline 0.005 -19"><span class='ocrx_word' id='word_1_364' title='bbox 146 2338 194 2375; x_wconf 89' lang='lat' dir='ltr'><strong>Cod.</strong></span> <span class='ocrx_word' id='word_1_365' title='bbox 210 2350 292 2375; x_wconf 85' lang='lat' dir='ltr'><strong>versum</strong></span> <span class='ocrx_word' id='word_1_366' title='bbox 306 2337 368 2387; x_wconf 85' lang='lat' dir='ltr'><strong>plane</strong></span> <span class='ocrx_word' id='word_1_367' title='bbox 382 2337 463 2383; x_wconf 88' lang='lat' dir='ltr'><strong>deesse,</strong></span> <span class='ocrx_word' id='word_1_368' title='bbox 481 2337 601 2386; x_wconf 77' lang='lat' dir='ltr'><strong>pariterque</strong></span> <span class='ocrx_word' id='word_1_369' title='bbox 615 2339 664 2380; x_wconf 85' lang='lat' dir='ltr'><strong>Brit.</strong></span> <span class='ocrx_word' id='word_1_370' title='bbox 680 2343 699 2380; x_wconf 79' lang='lat'><strong>2.</strong></span> <span class='ocrx_word' id='word_1_371' title='bbox 713 2342 806 2393; x_wconf 82' lang='lat' dir='ltr'><strong>primum</strong></span> 
     </span>
     <span class='ocr_line' id='line_1_42' title="bbox 145 2387 806 2444; baseline 0.006 -15"><span class='ocrx_word' id='word_1_372' title='bbox 145 2390 189 2429; x_wconf 79' lang='lat' dir='ltr'><strong>Nec</strong></span> <span class='ocrx_word' id='word_1_373' title='bbox 198 2388 306 2437; x_wconf 80' lang='lat' dir='ltr'><strong>exhibere,</strong></span> <span class='ocrx_word' id='word_1_374' title='bbox 321 2387 396 2426; x_wconf 86' lang='lat' dir='ltr'><strong>deinde</strong></span> <span class='ocrx_word' id='word_1_375' title='bbox 408 2387 489 2426; x_wconf 81' lang='lat' dir='ltr'><strong>veroin</strong></span> <span class='ocrx_word' id='word_1_376' title='bbox 500 2387 574 2427; x_wconf 86' lang='lat' dir='ltr'><strong>eodem</strong></span> <span class='ocrx_word' id='word_1_377' title='bbox 584 2390 635 2432; x_wconf 88' lang='lat' dir='ltr'><strong>Cod.</strong></span> <span class='ocrx_word' id='word_1_378' title='bbox 643 2391 749 2444; x_wconf 81' lang='lat' dir='ltr'><strong>integrum</strong></span> <span class='ocrx_word' id='word_1_379' title='bbox 760 2406 806 2433; x_wconf 84' lang='lat' dir='ltr'><strong>ver-</strong></span> 
     </span>
    </p>

    <p class='ocr_par' dir='ltr' id='par_1_10' title="bbox 146 2441 454 2482">
     <span class='ocr_line' id='line_1_43' title="bbox 146 2441 454 2482; baseline -0.003 -4"><span class='ocrx_word' id='word_1_380' title='bbox 146 2453 191 2479; x_wconf 86' lang='lat' dir='ltr'><strong>sum</strong></span> <span class='ocrx_word' id='word_1_381' title='bbox 202 2441 300 2480; x_wconf 87' lang='lat' dir='ltr'><strong>omissum</strong></span> <span class='ocrx_word' id='word_1_382' title='bbox 310 2452 354 2479; x_wconf 87' lang='lat' dir='ltr'><strong>esse</strong></span> <span class='ocrx_word' id='word_1_383' title='bbox 362 2445 454 2482; x_wconf 81' lang='lat' dir='ltr'><strong>moneat.</strong></span> 
     </span>
    </p>
   </div>
   <div class='ocr_carea' id='block_1_6' title="bbox 0 0 872 2654">
    <p class='ocr_par' dir='ltr' id='par_1_11' title="bbox 0 0 872 2654">
     <span class='ocr_line' id='line_1_44' title="bbox 0 0 872 2654; baseline 0 0"><span class='ocrx_word' id='word_1_384' title='bbox 0 0 872 2654; x_wconf 95' lang='lat' dir='ltr'><strong> </strong></span> 
     </span>
    </p>
   </div>
  </div>
 </body>
</html>
