1690 2654
336 80 442 122 LIBER
465 80 482 121 1.

107 191 134 232 At
141 191 215 232 nitidae
227 193 310 244 surgrmt
317 190 397 243 fruges,
410 188 513 240 rameique
524 188 625 230 sireseunt
694 232 697 237 ⁴

104 245 226 292 Arboribus3
239 247 328 283 creseunt
339 245 405 294 ipsae,
418 244 499 292 fetuque
511 245 626 293 gravantur.
671 276 673 280 Α

105 297 158 337 Hine
169 297 230 335 alitur
239 309 298 346 porro
308 300 397 338 nestrum
408 307 470 345 genus
479 298 538 342 atque
548 296 648 343 ferarum3

104 348 158 387 Hine
169 350 231 385 laetas
244 347 310 385 urbeis
320 347 404 395 puerum
414 346 486 384 florere
496 346 591 395 ridemus,
622 390 623 393 Ἴ
634 388 637 392 A

104 399 271 447 Frundiferasque
280 397 336 436 novis
346 397 416 435 aribus
425 397 495 435 enuere
504 398 590 446 undique
601 398 681 449 sylvam

104 450 158 489 Hine
166 451 230 487 fessae
240 450 323 498 pecudes
334 449 417 499 pingues
424 462 461 498 per
470 449 545 497 pabula
554 450 607 486 laeta

106 502 194 549 Corpora
206 500 316 550 deponunt,
330 504 349 539 et
361 500 443 539 candens
453 501 527 545 lacteus
538 501 619 549 humor
649 501 651 505 ⁴
668 527 669 530 η
688 526 691 531 -

105 551 203 590 Uberibus
212 555 281 590 manat
291 552 389 590 distentis:
402 550 450 588 hine
459 563 512 589 nova
524 552 589 601 proles

104 604 191 643 Artuhus
200 602 284 645 infirmis
296 607 373 641 teneras
383 603 459 641 lasciva
469 616 504 652 per
515 603 587 641 herbas

104 655 176 701 Ludit,
188 655 240 693 laete
249 668 304 702 mero
313 654 395 693 menteis
406 656 497 703 perculsa
505 655 600 705 novellas.

105 706 165 745 Haud
176 705 240 757 igitur
249 706 325 758 penitus
336 710 422 757 pereunt
428 719 576 756 quaequomque
585 704 688 746 videntur:

105 758 190 807 Quando
204 758 245 796 alid
258 758 501 804 exaliorefieitnatura,
514 758 626 797 neeullam
660 786 663 789 »
752 800 754 804 f

104 812 160 850 Rem·
167 810 224 861 gigni
232 810 318 860 patitur,
331 810 370 849 nisi
380 815 445 848 morte
455 810 523 848 adiuta
533 810 603 848 aliena.
729 806 771 849 265

130 862 187 900 Nune
197 875 249 912 age,
258 876 290 901 res
303 862 397 911 queniam
408 862 466 900 docui
476 874 515 899 neu
523 874 581 911 posse
591 860 656 901 creari

105 912 136 952 De
144 913 217 961 nihilo,
230 913 293 963 neque
302 914 350 953 item
360 913 436 965 genitas
447 914 472 952 ad
482 912 512 951 nil
521 913 621 963 revocari3
637 956 639 958 ,

105 965 136 1004 Ne
146 977 184 1014 qua
195 966 246 1003 forte
258 971 324 1003 tamen
334 969 410 1014 coeptes
420 966 510 1003 diffidere
520 965 584 1011 uictis,

105 1017 164 1065 Quod
174 1020 271 1064 nequeunt
282 1017 343 1055 oeulis
353 1018 421 1055 rerum
432 1016 542 1066 primordia
553 1015 620 1063 eerni3

105 1068 176 1117 Accipe
186 1071 297 1117 praeterea,
311 1074 363 1117 quae
372 1080 456 1120 corpora
467 1072 509 1107 tute
519 1080 597 1106 neeesse
608 1070 638 1108 est

105 1119 215 1158 Confiteare
227 1131 269 1158 esse
280 1119 302 1158 in
312 1121 382 1168 rebus,
395 1132 431 1157 nee
442 1132 499 1170 posse
509 1120 579 1158 rideri.

130 1170 230 1220 Principio
235 1200 241 1220 ,
253 1173 308 1210 venti
315 1173 347 1210 vis
356 1173 449 1211 uerberat
457 1171 519 1209 inrita
530 1175 619 1220 pontum,

104 1222 242 1272 Ingenteisque
251 1223 292 1262 ruit
299 1224 378 1272 naveis,
393 1228 412 1261 et
422 1224 491 1262 nubila
502 1223 582 1270 differt;

105 1273 215 1322 Interdum,
225 1274 295 1325 rapido
303 1282 418 1325 percurrens
427 1274 516 1321 turbine,
530 1285 610 1324 campos
659 1300 661 1303 -

105 1325 214 1365 Arboribus
226 1316 305 1378 magnis
315 1327 384 1366 sternit
394 1326 516 1376 monteisque
526 1337 628 1375 supremos
666 1338 668 1341 ·

104 1376 228 1433 sytrifagis
236 1383 295 1422 uerat
302 1379 382 1422 flabris:
394 1378 424 1420 ita
432 1378 517 1433 perfurit
528 1377 570 1422 aeri

106 1436 157 1474 eum
164 1434 255 1483 fremitu,
267 1436 368 1484 saevitque
375 1434 450 1473 minaei
458 1447 560 1472 murmure
569 1434 646 1483 pontus.

107 1486 157 1526 Sunt
165 1486 228 1538 igitur
238 1487 303 1527 rentei
313 1485 407 1525 nimirmn
416 1499 498 1537 corpora
504 1498 573 1531 eaeea,
665 1488 667 1491 “

106 1539 163 1586 Quae
171 1551 237 1586 mare,
251 1543 301 1589 qu'ae
310 1543 382 1586 terras,
395 1551 446 1587 quae
455 1538 537 1587 denique
545 1537 613 1574 nubila
623 1534 674 1576 coeli
754 1582 758 1587 ι

105 1590 200 1638 Verrunt,
214 1603 237 1628 ne
248 1591 313 1629 subite
323 1591 416 1628 vexantia
425 1590 502 1628 turbine
512 1592 595 1639 raptant.
689 1589 692 1593 ’

105 1641 305 1683 Nee'rationetlnunt
317 1642 357 1682 alio
369 1646 495 1693 stragemque
507 1641 624 1692 propagant,

105 1694 135 1733 Ae
146 1707 207 1744 quom
215 1692 282 1733 mollis
292 1707 355 1744 aquae
366 1695 429 1734 fertur
440 1698 511 1733 natura
523 1697 603 1743 repente

105 1746 199 1783 Flumine
209 1747 328 1793 abundanti,
341 1760 400 1796 quem
407 1747 470 1798 largis
477 1747 575 1784 imbribus
582 1745 646 1794 auget
653 1751 656 1755 '

69 1829 71 1832 .
104 1796 206 1836 Montibus
217 1810 242 1836 er
251 1798 297 1836 altis
305 1811 389 1850 magnus
401 1797 494 1837 decursus
507 1799 572 1847 aquai,

103 1849 215 1900 Fragmina
226 1849 328 1888 eoaiieiens
339 1852 440 1900 sylvarum
452 1851 571 1898 arbustaque
582 1848 636 1887 totae

104 1900 146 1938 Nee
153 1901 230 1946 aalidei
238 1905 318 1951 possunt
325 1907 393 1951 pontes
406 1902 500 1940 venientis
508 1902 568 1950 aquai

105 1952 151 1989 Vim
159 1953 245 1991 subitam
256 1954 352 2000 tolerare;
365 1954 406 2001 ita,
417 1966 490 2005 magne
503 1952 592 1991 turbidus
601 1947 670 1998 imbri,

44 2053 45 2056 Ἰ
105 2003 192 2042 Molibus
203 2004 365 2044 incenit‘validis
374 2019 419 2044 eum
430 2006 506 2044 m'ribus
518 2004 593 2049 amnis3

105 2055 146 2093 Dat
154 2056 303 2109 senitn'magne
312 2061 410 2109 stragem,
423 2057 526 2106 volvitque
536 2057 572 2094 sub
583 2054 639 2092 undis

107 2106 196 2146 Grandia
205 2121 264 2156 saxa3
277 2109 317 2147 ruit
329 2123 368 2159 qua
379 2110 486 2160 quidquam
498 2109 590 2147 fluetibus
603 2107 674 2146 obstat.
731 2131 743 2144 .

106 2157 214 2209 §inigitur
227 2162 301 2199 debent
306 2162 360 2199 venti
372 2175 448 2211 queque
459 2160 540 2199 flamina
550 2158 608 2198 ferri:

107 2208 173 2258 Quae,
185 2212 249 2250 veluti
259 2212 349 2251 ualidum
358 2226 417 2262 quom
427 2214 501 2251 flrunen
510 2212 631 2260 procubuere

107 2258 222 2305 Quamlibet
231 2264 251 2302 in
262 2269 343 2314 partem,
356 2265 437 2310 trudmit
444 2278 475 2303 res
485 2268 537 2311 ante,
549 2262 647 2312 ruuntque

107 2309 213 2358 Impetibus
223 2317 306 2364 erebris3
320 2317 418 2364 interdum
426 2316 501 2354 vortice
512 2320 563 2354 torto

108 2359 229 2413 Gorripiunt,
242 2368 354 2419 rapideique
364 2369 438 2407 rotanti
446 2367 523 2407 turbine
531 2367 615 2417 portant.

108 2410 174 2459 Quare
182 2417 241 2457 etiam
250 2425 309 2471 atque
318 2421 378 2461 etiam
390 2425 434 2460 suut
442 2419 508 2460 ventei
520 2431 603 2469 corpere
613 2426 682 2455 caeca:

109 2463 272 2517 Quandoquidem
284 2473 342 2515 laetis
354 2477 373 2513 et
381 2474 469 2514 moribus
481 2473 560 2513 aemula
569 2469 647 2520 magnis
