1690 2654
276 70 381 147 niuea
396 80 441 125 iv.
464 77 482 93 ²

243 179 245 181 v
292 167 294 170 ⁴
325 170 331 184 l

48 189 143 242 Diffugit,
152 188 174 229 in
181 189 248 241 privos
260 191 351 241 quoniam
361 204 382 230 se
392 191 462 231 dividit
471 191 543 240 aureis,

48 243 160 295 Obsignans
167 241 254 282 formam
263 245 329 283 verbis
338 245 453 294 clarumque
463 258 560 284 sonorem.

47 296 80 343 At,
94 308 144 345 quac
152 307 197 345 pars
206 308 277 334 vocum
289 310 328 335 non
337 296 402 334 aureis
413 296 481 335 incidit
491 298 550 348 ipsas,
672 292 713 335 57⁰

47 347 169 386 Praeterlata
179 347 231 397 perit
241 349 324 395 frustra,
335 349 409 386 diffusa
419 362 456 398 per
465 361 533 388 auras:

47 400 97 438 Pars
107 399 186 441 solideis
193 400 257 447 allisa,
270 400 321 449 lapis
330 400 416 448 reiecta,
422 407 514 438 'sonorem

48 451 127 498 Reddit,
133 447 136 452 ’
142 455 161 488 et
170 451 270 489 interdum
278 452 385 490 frustratur
395 451 484 501 imagine
494 452 556 491 verbi.

74 505 136 553 Quae,
149 503 206 550 bone,
220 516 280 553 quom
288 504 362 553 vineas,
374 500 471 542 rationem
484 505 566 542 reddere
575 503 636 555 possis

48 556 102 595 Tute
114 554 150 593 tibi
162 559 220 605 atque
233 556 296 606 alieis,
310 570 349 605 quo
357 560 421 605 -pacto
432 569 467 605 per
477 552 524 595 loca
533 556 604 595 sola'
671 554 711 596 575
767 599 769 602 ,
827 529 838 616 {{

40 609 102 657 ,Saxa
112 607 177 657 parcis
189 609 264 647 formas
275 610 382 647 verbor-nm
392 622 416 646 ex
426 608 494 653 ordine
504 609 594 658 reddant,

46 660 146 701 Palanteis
157 660 238 699 comites
251 673 311 710 quom
321 660 404 699 monteis
414 660 465 699 inter
474 674 544 710 opacos
632 664 634 667 ⁴

47 712 172 764 Quaerimus,
185 716 204 750 et
216 725 290 764 magna
301 713 397 763 dispersos
406 725 456 751 voce
467 712 548 752 eiemus.
581 734 582 737 =

48 766 88 805 Sex
99 764 164 818 etiam,
178 768 212 803 aut
220 770 300 814 septem,
313 766 358 804 loca
369 765 411 803 vidi
422 765 504 803 reddere
513 778 578 816 vocuo,

46 819 112 856 Unam
124 829 183 867 quom
194 817 278 855 iaceres:
291 817 320 856 ita
331 818 391 856 eolles
402 817 486 855 collibus
497 817 547 868 ipsei
586 834 591 837 -
670 816 711 857 580
766 864 768 867 v

42 871 112 910 'Verba
118 870 237 918 repulsantes
249 869 348 908 iterabant
356 869 408 908 dicta
418 868 496 920 reterri.
651 901 654 904 .

72 924 128 961 Haec
139 922 182 959 loca
192 921 305 971 capripedes
316 921 397 972 Satyros
406 922 549 972 Nymphasque
559 924 626 968 tenere

47 972 156 1013 Finitnmei
164 973 251 1022 fingunt3
265 977 284 1012 et
293 973 373 1012 Faunos
384 986 425 1012 esse
435 974 550 1024 loquuntur,

48 1027 138 1074 Quorum
146 1025 253 1076 noctivago
262 1026 344 1074 strepitu
353 1026 439 1074 ludoque
448 1025 523 1066 iocanti
724 1076 726 1078 ‚

47 1079 153 1120 Affirmant
163 1077 223 1127 volgo
230 1077 330 1116 taciturna
340 1076 417 1128 silentia
428 1078 501 1128 rumpi,
669 1077 710 1120 585

48 1130 210 1178 chordarumque
219 1142 277 1167 sonus
288 1129 333 1167 fieri
342 1129 454 1179 dulceisque
464 1130 560 1182 querelas,

47 1180 109 1220 Tibia
115 1193 167 1230 quas
177 1181 248 1227 fundit,
261 1180 329 1231 digitis
338 1182 420 1231 pulsata*
426 1185 541 1221 canentum:

46 1232 73 1272 Et
82 1236 144 1284 genus
157 1232 268 1283 agricolam
277 1234 319 1272 late
329 1233 439 1282 sentiscere,
453 1248 514 1285 quom
523 1235 574 1285 Pan,

46 1285 111 1330 Pinea
118 1284 284 1336 semiferieapitis
292 1286 400 1326 uallamina
409 1293 508 1340 quassans,

38 1336 102 1384 ⁴Unco
115 1338 239 1388 saepclabro
252 1338 338 1378 calamos
344 1339 444 1389 percurrit
453 1339 545 1389 hianteis,
669 1339 710 1380 ted

46 1391 124 1430 Fistula
136 1390 289 1442 sylvestrem-'ne
300 1395 361 1432 cesset
369 1393 451 1433 tundere
464 1406 548 1433 musam.
645 1406 647 1408 ·

8 1465 9 1468 =
46 1444 116 1484 Cetera
128 1444 152 1482 de
161 1442 233 1495 genere
242 1446 280 1484 hoc
289 1450 377 1485 monstra
389 1447 513 1497 ac'portenta
524 1446 672 1497 loquantum*-
720 1492 722 1495 ἱ
768 1451 769 1454 ’

45 1496 140 1544 Nolon,
148 1496 225 1535 deserta
234 1499 260 1536 ab
270 1498 319 1536 divis
330 1512 413 1548 quoque,
426 1500 479 1537 forte
491 1502 585 1549 putentur

47 1547 96 1598 Sola
107 1552 182 1586 tenere:
197 1549 241 1587 ideo
250 1549 322 1588 iactant
330 1550 426 1594 miracula
436 1550 503 1598 dietis;
611 1582 613 1585 ,
623 1551 625 1555 ’

45 1600 84 1639 Aut
94 1599 160 1649 aliqua
170 1601 296 1640 ratiunculis
308 1602 414 1649 ducuntur;
427 1606 450 1641 ut
463 1615 521 1641 omne
547 1608 551 1613 ‘
668 1598 708 1641 595

35 1651 159 1692 'Humanum
168 1666 230 1703 genus
240 1657 270 1692 est
282 1654 362 1697 avidum
369 1654 432 1692 nimis
443 1654 584 1698 auricularum.

71 1705 129 1753 Quod
138 1706 232 1754 superest,
245 1718 284 1743 non
292 1706 448 1757 estmirandum,
462 1720 501 1757 qua
508 1707 584 1745 ratione

46 1756 85 1794 Per
95 1757 147 1803 loca,
160 1755 199 1806 dua
206 1761 304 1806 nequeunt
313 1759 376 1797 oculei
387 1772 418 1797 res
427 1772 505 1797 cernere
515 1764 600 1808 apertas,
628 1788 630 1791 ⁴

44 1806 100 1847 Haec
108 1809 153 1851 loca
163 1822 198 1859 per
204 1822 262 1848 voees
270 1809 357 1858 veniant,
371 1812 473 1860 aureisque
483 1812 591 1857 lacessente

46 1860 170 1909 Golloquium
181 1861 240 1906 elusis
250 1862 327 1900 foribus
339 1876 416 1912 quoque
427 1876 486 1912 saepe
496 1863 592 1900 videmus.
667 1861 708 1902 60⁰

44 1910 149 1960 Nimirum,
165 1913 213 1962 qnia
223 1926 261 1952 vox
272 1926 308 1963 per
317 1914 369 1953 flexa
380 1915 480 1953 foramina
490 1927 567 1963 rerum⁴

44 1963 149 2002 Incolumis
158 1965 241 2004 transire
249 1969 318 2015 potest,
330 1966 436 2005 simulacra
445 1969 547 2005 renuta'ut:

27 2050 30 2054 .
44 2013 198 2056 Perscinduntur
210 2018 269 2065 enim,
282 2017 320 2055 nisi
331 2023 385 2057 recta
397 2018 597 2065 foramina'tranasxt3
643 2047 646 2051 ⁴

45 2066 119 2117 Qualia
130 2073 174 2108 sunt
184 2069 238 2117 vitri,
251 2069 324 2119 species
334 2083 385 2120 qnae
395 2072 480 2109 travolat
492 2071 561 2111 omnis.

69 2120 181 2168 Praeterea,
194 2122 267 2172 parteis
276 2121 298 2160 in
308 2128 387 2162 cunctas
398 2123 492 2161 dividitur
499 2135 545 2171 vox,

44 2169 76 2209 Ex
87 2172 131 2210 aliis
142 2173 193 2212 aliae
205 2174 297 2223 quoniam
307 2175 427 2226 gignuntur,
440 2175 475 2212 ubi
486 2187 534 2221 nam

43 2221 134 2262 Dissiluit
142 2226 204 2264 semel
213 2226 234 2274 in
243 2226 321 2274 midtas
335 2232 402 2266 exorta
414 2227 470 2276 quasi
479 2227 531 2278 ignis

43 2272 106 2324 Saepe
118 2277 168 2315 solet
179 2279 264 2317 scintilla
276 2291 320 2317 suos
333 2293 354 2317 se
366 2291 461 2331 spargere
469 2279 491 2316 in
501 2276 573 2330 igneis.

43 2323 97 2376 Ergo
109 2329 209 2378 replentur
216 2332 261 2369 loca
272 2330 360 2380 vocibus,
374 2333 444 2370 abdita
453 2334 506 2369 retro

44 2374 116 2416 Omnia
125 2393 175 2428 quac
184 2383 259 2421 circum
270 2384 356 2431 fuerunt,
370 2384 474 2433 sonituque
489 2383 570 2424 cientur.

43 2427 69 2466 At
79 2430 185 2472 simulacra
194 2434 232 2473 viis
244 2436 268 2473 de
280 2435 338 2475 rectis
350 2437 416 2476 omnia
424 2436 512 2484 tendunt,
599 2438 602 2442 ’

43 2478 70 2519 Ut
80 2485 125 2522 sunt
133 2484 193 2525 missa
203 2488 274 2526 semel:
287 2494 408 2539 quapropter
419 2500 497 2527 eernere
506 2498 564 2526 nemo
