1690 2654
64 98 112 147 128
246 98 292 141 uu
308 86 433 156 aula-unt
448 94 591 141 Narona
639 109 641 111 ¹

115 208 169 249 Orba
181 207 253 259 pedum
264 208 345 259 partim,
358 221 454 249 manuum
465 208 546 249 viduata
558 209 655 262 vicissim3

58 266 60 268 ’
114 261 172 301 Muta
185 261 226 301 sine
239 274 274 300 ore
287 262 353 309 etiarn,
367 263 409 301 sine
420 263 477 300 voltu
489 262 551 301 caeca
560 268 649 314 reperta;

62 313 102 355 840
114 314 224 363 vinctoque
235 315 371 354 membrorum
385 329 422 365 per
433 317 497 353 totum
512 327 583 365 corpus
596 316 693 364 adhaesu;

10 369 12 371 ’
54 408 56 411 .
113 365 155 405 Nec
167 367 235 417 faeere
247 370 270 412 ut
284 370 365 417 possent·
374 368 491 417 quidquam,
503 379 540 405 uec
553 368 621 406 cedere
634 381 738 421 quoquam,

113 417 155 459 Nec
168 417 233 457 vitare
245 419 328 468 malum,
340 432 377 458 nec
389 433 472 467 sumere,
486 419 539 470 quod
551 420 602 458 toret
614 433 665 459 usus.

139 471 211 510 Cetera
224 472 249 510 de
261 484 333 523 genere
345 473 384 511 hoe
397 476 485 512 monstra
497 473 522 511 ac
534 476 623 522 portenta
636 474 725 516 creabat:

113 521 370 574 Nequidquamsquouiam
381 525 456 564 Natura
469 524 575 563 absterruit
586 528 678 575 auctum;

61 572 102 616 805
114 573 157 615 Nec
169 581 250 627 potuere
264 577 353 627 cupitum
365 577 436 616 aetatis
449 580 530 627 tangere
542 577 618 625 florem,
690 626 692 629 Ι

113 627 155 666 Nec
167 628 255 678 reperire
267 628 341 677 eibum,
353 642 389 667 nec
401 628 459 679 iungi
470 642 506 678 per
518 629 599 667 Veneris
611 642 649 671 res.
704 646 712 651 „
728 666 730 669 ,
752 638 754 640 ’

111 678 184 727 Multa,
197 680 293 727 videmus,
306 681 359 719 enim
371 682 431 719 rebus
443 692 558 718 concurrere
571 680 647 729 debent,

114 732 142 770 Ut
153 731 282 782 propagando
294 731 368 781 possint
379 733 487 781 producere
498 731 556 770 secla.

85 823 87 825 .
113 783 192 822 Pabula
204 783 293 833 primum
305 787 331 822 ιιι·
340 782 383 832 sint,
397 782 492 834 genitalia
505 782 575 822 deinde
586 795 622 833 per¹
634 786 688 825 artus

61 831 101 875 850
114 834 261 884 Seminaque
270 834 452 884 possint-membris
464 847 544 874 manare
556 835 654 885 remissis3

74 926 76 928 .
112 887 234 937 Feminaque
248 890 271 926 ut
282 888 371 927 maribus
383 887 478 938 coniungi
489 886 556 937 possit,
569 888 644 927 Habere

69 949 77 952 ’
113 938 192 987 Mutua,
205 941 240 992 qui
251 942 330 979 nectant
342 939 393 978 inter
405 946 426 979 s'e
438 940 515 990 gaudia·
525 943 612 989 uterque

139 992 243 1041 Multaque
257 994 306 1030 tum·
313 991 410 1031 interiisse
422 991 545 1031 animantum
557 992 610 1031 secla
622 1004 700 1036 necesse
710 994 745 1042 est,

112 1042 154 1086 Nec
166 1044 254 1095 potuisse
266 1044 395 1096 propagando
406 1044 515 1094 procudere
527 1045 609 1092 prolem.

60 1092 101 1137 855
113 1095 336 1148 Nam„quaequomquc
347 1096 401 1135 vides
413 1096 467 1134 vesci
479 1096 574 1135 vitalibus
587 1096 648 1144 auris,

89 1153 91 1156 '
113 1147 154 1189 Aut
166 1148 277 1195 dolus‚.aut
288 1148 357 1195 virtus,
370 1151 405 1186 aut
418 1147 500 1197 denique
512 1148 612 1188 mobilitas
625 1152 655 1189 est

113 1199 145 1239 Ex
156 1199 236 1239 ineunte
247 1212 296 1240 aevo
309 1212 372 1251 genus
384 1199 406 1237 id
418 1202 487 1245 tutata,
499 1211 608 1244 reservans.
624 1210 632 1216 ’·
653 1224 655 1227 <

113 1250 221 1300 Multaque
234 1254 284 1299 sunt,
297 1251 354 1291 nobis
367 1263 391 1289 ex
402 1250 489 1289 utilitate
501 1263 536 1290 sua
545 1263 601 1301 quae

114 1303 256 1342 commendata
267 1305 353 1349 manent,
366 1303 440 1344 tutelae
452 1302 525 1341 tradita
537 1306 621 1342 nostrae.

60 1350 111 1393 800·
138 1350 245 1404 Principio}
258 1366 321 1405 genus
333 1366 379 1393 acre
392 1355 472 1393 leonum
484 1366 582 1403 saevaque
594 1355 648 1395 secla
686 1372 689 1375 ·
711 1366 714 1378 ³

113 1405 190 1446 Tutata
202 1410 231 1445 est
245 1407 316 1454 virtus,
328 1405 403 1455 volpeis
416 1406 479 1454 dolus,
490 1409 514 1445 ut
525 1406 576 1457 fuga
588 1419 663 1448 ceruos.

112 1458 140 1498 At
152 1457 262 1497 levisomna
274 1470 345 1497 canum
357 1458 397 1497 tido
410 1460 455 1497 cuni
467 1461 546 1507 pectore
558 1458 625 1509 corda,

111 1510 138 1551 Et
150 1523 213 1562 genus
225 1513 295 1557 omne,⁴
303 1509 355 1560 quod
367 1514 396 1549 est
407 1509 496 1549 veterino
508 1508 582 1549 semine
591 1514 678 1561 partum,

12 1598 14 1601 .
112 1561 261 1613 lanigeraeque
273 1562 334 1600 simul
345 1562 428 1611 pecudes
441 1564 461 1599 et
473 1562 548 1600 bucera
560 1562 619 1610 secla,

60 1608 186 1654 etaemus
198 1613 359 1653 suuthominum
373 1614 447 1653 tutelae
459 1613 538 1661 tradita,
551 1613 641 1653 Memmi.

112 1666 165 1712 Nam
178 1665 249 1714 cupide
261 1666 332 1715 fugere
343 1665 403 1711 feras,
415 1677 522 1713 pacemque
534 1668 629 1714 sequutae

113 1716 171 1765 Sunt,
184 1720 203 1755 et
215 1717 274 1768 larga
284 1728 320 1758 suo
332 1715 374 1754 sine
386 1716 461 1765 pabula
472 1718 529 1764 parta
541 1716 621 1764 labore;

113 1768 171 1817 Quae
182 1766 354 1817 damusutilitatis
362 1779 436 1809 eorum
448 1765 538 1815 praemia
550 1778 616 1806 causa.

112 1821 146 1868 At,
159 1819 215 1869 queis
227 1820 257 1858 nil
268 1819 341 1871 hortun
353 1818 423 1862 tribuit
434 1818 516 1864 Natura,
528 1825 591 1868 neque
602 1817 647 1868 ipsa

54 1866 101 1914 870
113 1871 187 1921 Sponte
198 1883 235 1910 sua
244 1873 325 1921 possent
337 1873 360 1909 ut
372 1870 445 1917 vivere,
457 1882 494 1912 nec
506 1869 553 1907 dare
565 1869 623 1918 uobis
654 1868 657 1872 ’

107 1923 225 1962 Utilitatem
236 1922 335 1972 aliquam,'
345 1934 407 1971 quare
418 1925 531 1972 pateremur
542 1925 612 1967 eorum

111 1974 214 2015 Praesidio
226 1978 293 2025 nostro
304 1974 360 2025 pasci
372 1986 440 2025 genus,
453 1984 534 2026 esseque
546 1970 630 2022 tutum}
659 1992 665 1997 ’
730 1983 734 1987 “

112 2026 194 2066 Scilicet
205 2027 256 2065 haee
268 2026 330 2065 alieis·
337 2025 423 2075 praedae
433 2025 529 2073 lucroque
541 2023 636 2064 iacebant.
709 2040 714 2054 ε

111 2078 229 2129 indupedita
240 2077 280 2116 suis
292 2077 389 2116 tatalibus
400 2075 467 2115 omnia
479 2074 557 2122 vinclis,
611 2102 614 2106 -

6 2139 8 2142 ⁴
61 2125 102 2168 875
112 2129 179 2168 Donec
192 2130 218 2168 ad
228 2127 329 2169 interitum
341 2140 403 2179 genus
416 2128 437 2166 id
448 2126 525 2166 Natura
536 2125 618 2178 redegit,
669 2158 671 2161 .

137 2181 177 2219 Sed
188 2194 251 2231 neque
264 2179 369 2229 Centaurei
379 2180 466 2226 fuerint,
478 2190 515 2216 nee
527 2180 615 2228 tempore
626 2177 647 2219 in
660 2178 705 2220 ullo-

112 2231 161 2271 llsse
170 2236 253 2280 queunt3
269 2232 343 2282 duplici
354 2233 461 2277 natura-et
474 2240 555 2279 corpore
567 2230 613 2270 biuo
649 2252 652 2256 >

112 2283 144 2322 Ex
156 2282 270 2335 alienigenis
282 2282 377 2322 membris
390 2284 495 2331 compacta
507 2284 598 2331 potestas,
661 2326 663 2328 ,

111 2334 165 2374 Hinc
177 2334 232 2372 illinc
243 2347 280 2385 par
291 2335 321 2374 vis
333 2339 356 2373 ut
368 2337 410 2373 nou
420 2333 455 2372 sic‘
462 2339 505 2371 esse
515 2332 599 2381 potissit.

60 2384 100 2430 880
111 2387 134 2427 ld
146 2386 193 2425 licet
204 2386 251 2425 hinc
263 2386 353 2435 quamvis
365 2384 434 2432 hebeti
449 2396 567 2435 cognoscere
579 2384 643 2425 corde.

137 2437 245 2488 Principio,
258 2439 332 2477 circum
344 2437 407 2476 tribus
415 2435 568 2487 actis-impiger
579 2437 635 2477 anuis
648 2437 651 2438 ⁷

111 2490 181 2531 Floret
192 2500 267 2539 equus;
280 2502 329 2540 puer
340 2489 395 2530 haud
407 2489 573 2539 quaqueusque
582 2501 641 2540 saepe
650 2486 710 2529 etiam
721 2496 773 2526 nnnc
