1690 2654
141 26 148 33 p
236 63 275 104 Al]
292 62 427 103 LIBRUM
442 62 585 103 PRIMUM.
723 57 771 104 219

52 177 106 221 pari·
118 183 137 221 p.
148 174 167 213 2.
180 179 200 211 11
212 174 242 214 16.
254 174 285 213 ed.
297 174 407 213 Schwartz.
417 179 437 211 et
445 172 542 211 Ruddim.
553 174 602 209 lnst.
614 170 651 209 Gr.
660 172 685 209 Il.
693 183 713 221 p.
723 171 770 211 267.

6 271 9 274 .
53 229 158 274 congesta.
185 225 253 272 (Gonf.
264 226 327 264 etiam
339 227 439 264 Goerenz.
452 225 479 262 ad
491 224 534 263 Cic.
546 223 571 261 de
584 224 636 263 fian.
648 225 666 271 1,
676 223 695 262 5.
705 236 725 273 p.
739 224 771 262 18.

52 286 68 314 s.
84 282 104 312 et
113 288 166 326 quae
175 277 202 314 ad
213 280 238 325 Il,
249 277 281 317 50.
293 291 306 315 a
318 289 353 314 me
364 277 478 325 dicentur.)

103 328 148 365 Vss.
156 330 197 367 935
205 350 228 357 -
234 330 279 368 937.
294 328 500 375 Quinctilianuslnst.
508 329 542 365 Or.
550 328 614 375 llI,1,
624 325 643 367 4.
652 326 682 365 ita
690 326 769 377 laudat,

51 383 75 416 ul
88 392 164 428 vepro
180 383 217 418 secl
231 386 253 416 et
268 382 378 432 adspirant
393 391 431 428 pro
448 381 569 431 contingunt
586 379 646 415 nobis
661 379 768 428 praebeat,

51 440 114 480 quam
124 431 228 481 insignem
238 430 333 468 lectionis
347 429 472 468 varietatem
487 430 529 467 iam
543 430 647 481 Spalding.
659 430 686 468 ad
701 431 720 469 h.
730 430 745 469 l.
756 442 768 468 e

50 481 130 532 duplici
139 482 202 531 ipsius
216 482 308 520 Lucretii
324 481 416 519 editione
431 480 577 531 explicandum
594 493 637 518 esse
653 483 768 532 suspicatus

51 539 88 582 est,
104 545 144 582 qua
155 532 181 570 de
190 546 213 570 11
224 532 326 584 disputavi
337 533 358 573 in
369 532 441 570 libello
453 545 501 571 meo
512 533 592 582 saepius
606 544 683 572 comm.
699 546 719 582 p,
735 536 767 573 88.

49 596 78 632 s.,
92 583 128 621 ubi
138 591 184 623 not.
197 585 230 624 53.
246 586 276 623 sic
290 585 402 623 sehabet:
421 586 480 623 Hanc
494 584 611 635 elegantem
625 590 646 622 et
659 584 769 633 difficilem

48 635 163 674 lectionem
175 639 291 690 [aspirant,
306 649 369 689 quam
380 643 465 686 praeter
476 635 572 674 Lambini
581 642 601 673 et
614 636 691 674 Gifanii
701 636 768 683 libros

50 688 152 738 quosdam
168 687 231 729 etiam
246 692 300 727 lunt,
314 689 428 739 praehet],
442 701 457 736 a
470 688 600 739 Spaldingio,
615 689 730 726 Gesnerum
744 687 768 725 in

48 740 98 778 Lex.
116 746 169 779 rust.
184 753 200 781 s.
213 753 233 778 v.
245 741 340 778 Olfacere
353 747 455 791 sequuta,
477 739 513 790 qui
523 740 579 778 hunc
589 740 768 779 nostrumlccum

50 791 180 842 comparavit
190 805 239 830 cum
252 794 311 831 Varr.
325 794 349 831 R.
359 794 383 830 R.
399 792 428 838 ll,
442 794 462 840 2,
481 794 512 831 16.
530 792 620 844 olfacere
633 794 686 831 lacta
699 789 773 837 labia,

47 843 164 881 rectissime
174 843 203 883 sic
213 844 347 894 explicatam:
362 843 440 891 „odore
452 850 472 880 et
481 856 556 893 sapore
566 843 634 880 mellis
646 842 765 888 iinhuerel?

2 936 5 943 .
49 908 113 946 quam
123 895 213 933 maxime
227 896 293 933 miror
306 893 460 935 Wakefieldum
475 908 524 933 cum
538 894 639 932 Lamhino
650 894 767 933 ortam-hae

4 944 6 949 ’
47 946 116 985 buisse
128 958 152 984 ex
165 946 352 998 interpretamento
369 958 488 999 aspergunt,
503 946 606 998 genuinae
617 945 710 994 lectionis
718 961 766 995 conf

48 1001 132 1051 tingunt
142 998 253 1049 adscripto.
269 1020 293 1026 -
310 1001 420 1036 Praeterea
429 999 493 1036 verba
506 1000 609 1037 absinthia
622 1020 644 1026 —
659 998 777 1043 conamur,

47 1055 72 1087 ut
80 1050 150 1100 plures
162 1050 221 1088 huius
236 1050 279 1088 loci
291 1062 362 1087 versus
374 1049 452 1086 Nonius
463 1049 538 1098 etiam,
549 1050 585 1086 sed
595 1062 606 1087 e
615 1055 689 1101 quarto
700 1049 764 1099 lib‘ro'j

48 1109 207 1149 commemorat,
218 1107 243 1138 ut
252 1114 289 1139 suo
299 1100 347 1139 loco
358 1101 481 1140 videbimus.
508 1103 649 1149 Respexerunt
658 1100 719 1140 hunc
728 1100 765 1151 'laj-

47 1164 96 1190 cum
105 1153 230 1190 Themislius
238 1153 261 1190 in
270 1153 318 1190 loco
331 1151 403 1203 aliquo
419 1166 432 1190 a
446 1155 527 1191 Murato
544 1156 603 1192 Varr.
620 1152 678 1191 lectt.
692 1151 763 1200 VL-3,

48 1203 99 1253 [Fal.
111 1201 142 1244 74.
153 1204 179 1253 6.]
194 1204 265 1254 allato,
280 1204 470 1255 Hieronymusloco
484 1205 575 1255 quadam
587 1205 610 1244 in
626 1204 764 1253 Rufinum-‘et

46 1256 184 1306 Symmachus
194 1257 267 1306 [Epist.
281 1258 302 1306 1,
315 1255 368 1306 32.],
383 1269 434 1306 quos
447 1257 494 1295 Pius
504 1257 583 1297 landav.
707 1254 709 1258 '

98 1305 143 1347 944.
170 1310 313 1362 suaviloquens
322 1307 336 1347 i.
349 1320 367 1347 e.
377 1305 470 1359 ἡδυεπής
480 1309 549 1356 (llam.
560 1310 584 1348 ΙΙ.
596 1306 762 1357 1241111101

45 1357 180 1410 ΤΙ11ος.965.
194 1361 251 1399 1020.
266 1359 324 1397 Pind.
334 1359 419 1410 olymp.
427 1362 455 1407 X,
470 1362 514 1400 113.
527 1362 586 1399 Nem.
598 1364 614 1410 I,
625 1359 644 1400 4.
658 1361 700 1406 VII,
712 1359 762 1409 31),

44 1410 88 1448 iam
105 1411 131 1448 ab
141 1410 206 1449 Ennio
223 1415 257 1461 (p.
272 1413 303 1451 89.
314 1412 413 1462 Hessel.),
427 1411 484 1449 cuius
499 1412 573 1451 locum
587 1412 673 1450 laudant
685 1412 729 1450 Cic.
740 1412 763 1450 in

45 1463 109 1500 Bruto
120 1475 138 1501 c.
148 1463 179 1502 15.
190 1469 211 1500 11
221 1463 304 1509 Quinct.
315 1466 363 1502 inst.
373 1466 406 1499 Or.
416 1465 454 1510 XI,
464 1465 484 1513 3,
494 1465 533 1513 31,
547 1464 570 1500 in
575 1464 673 1501 Latinum
683 1475 763 1501 sermo-

45 1525 96 1551 nem
106 1514 231 1552 translatum
242 1521 273 1564 et,
292 1514 361 1553 Gellio
371 1515 421 1565 XII,
432 1517 452 1554 2.
461 1521 526 1563 teste,
540 1528 553 1553 a
566 1515 664 1553 Cicerone
673 1514 762 1552 inlibris

45 1564 71 1602 de
80 1565 161 1615 republ.
170 1566 202 1616 W,
210 1566 237 1616 9.]
244 1573 366 1616 usurpatum
377 1572 414 1606 est.
428 1567 498 1615 (Cani.
505 1567 605 1605 Columna
615 1566 642 1604 ad
647 1566 707 1606 Ennii
712 1565 726 1605 l.
732 1566 760 1614 I.)

97 1617 143 1657 952.
168 1622 256 1657 summai
270 1618 380 1670 quaedam]
400 1618 430 1656 sic
443 1618 559 1657 rectissime
574 1618 665 1657 restituit
681 1620 732 1656 Hav.
750 1622 773 1655 e'

47 1668 111 1708 Codd.
121 1669 188 1720 Lugd.
200 1672 219 1709 1.
230 1671 248 1709 2.
258 1670 351 1708 lectione
360 1686 437 1709 cumina
445 1673 551 1722 quaedam.
580 1670 650 1708 Ceteri
662 1669 725 1709 codd.
741 1675 763 1707 et

44 1725 94 1757 vett.
107 1720 167 1760 editt.
177 1734 249 1759 omnes
258 1737 335 1762 summa
346 1725 395 1761 audi
407 1737 517 1776 quaenam„
531 1735 583 1760 unus
593 1722 652 1760 BodI.
664 1723 762 1761 summam

44 1773 100 1809 audi.
127 1773 240 1810 Lambinus
253 1773 296 1810 iam
313 1773 367 1812 coni.
380 1777 468 1813 summai
480 1775 611 1826 ecquaenam,
631 1773 700 1811 Gilan.
711 1784 761 1810 vero

44 1827 132 1861 czvmmal'
139 1840 249 1877 quaenam,
265 1824 321 1874 quod
331 1825 353 1861 in
367 1823 473 1875 „antiquis
486 1825 629 1864 instrumentis
639 1837 662 1863 se
672 1824 761 1877 reperis-

34 1874 84 1922 vse“
99 1880 189 1913 testatur
198 1876 306 1913 Turnebus
316 1876 409 1915 Adverss.
421 1877 479 1923 XIX,
490 1876 521 1917 15.
615 1881 618 1884 ’
756 1879 758 1883 ”

46 1960 47 1963 ,
95 1926 139 1965 953-
165 1929 233 1967 Nema
243 1930 281 1976 ait,
296 1929 410 1967 evolvamus
422 1927 520 1975 Lambini
530 1927 583 1967 coni.
595 1934 637 1975 est,
651 1926 674 1965 in
684 1929 760 1976 cinnes

44 1973 131 2014 seriores
144 1977 214 2028 edile,
234 1985 257 2016 111
267 1985 373 2026 meretur,
390 1985 481 2028 recepta.
508 1979 574 2031 Lugd.
593 1982 609 2019 1,
626 1982 646 2021 2.
673 1982 719 2030 Nea,
732 1982 761 2018 eit

42 2028 169 2079 evolvamus,
189 2043 202 2069 a
216 2031 289 2081 quihus
304 2030 337 2068 vix
350 2029 451 2068 recedunt
462 2029 511 2069 Brit.
522 2032 540 2070 1.
550 2033 570 2071 2.
581 2033 600 2072 3.
620 2033 680 2071 Cant.
696 2032 719 2068 11
728 2030 760 2068 ed.

26 2076 103 2120 -ΒΥῘΧη
121 2082 165 2118 Nea
179 2086 198 2120 cv·
216 2094 237 2120 te
251 2084 357 2122 volvamus
370 2081 500 2130 exhibentes3
521 2082 579 2123 editt.
594 2084 642 2123 Ver.
654 2082 759 2121 venale:

41 2129 115 2171 isson.
141 2133 184 2170 Nec
197 2136 228 2172 sio
243 2136 319 2183 evola,
334 2134 390 2171 lunt.
406 2133 452 2171 Ald.
467 2135 487 2173 2·
509 2133 568 2173 Haec
578 2138 608 2174 sic
617 2132 758 2184 evolvi-,Cocli

40 2178 99 2218 Bodl.
124 2183 168 2219 Nea
178 2186 196 2220 si
213 2195 233 2222 te
246 2187 323 2224 volvas.
348 2185 443 2224 Verbum
452 2185 543 2224 evolvere
556 2199 596 2235 pro
609 2198 719 2235 exponere,
733 2182 760 2231 1¹1ss

41 2229 129 2267 lusirare
139 2241 268 2283 usurpatum,
283 2242 303 2273 et
313 2243 384 2274 noster
394 2243 414 2273 et
426 2236 497 2273 Cicero
514 2240 600 2279 Aram.
612 2236 657 2277 234.
668 2244 689 2275 et
698 2236 757 2287 ling.

41 2282 95 2372 gsetp
107 2282 143 2379 l}
153 2284 198 2323 509.
211 2298 234 2323 ex
244 2287 311 2325 Ennio
324 2288 351 2338 (p.
360 2286 390 2328 64.
399 2287 465 2336 lless.)
475 2288 568 2326 mutuati
577 2289 680 2334 videntur.
687 2287 757 2339 (Gens.

69 2345 79 2369 a
96 2345 123 2369 e.
713 2360 715 2362 -
752 2350 754 2358 .

90 2384 136 2423 955·
161 2390 271 2438 vasteque]
290 2390 319 2428 sic
333 2390 410 2429 diserte
427 2391 493 2442 Lugii.
510 2394 528 2432 1.
543 2393 573 2436 2.,
591 2404 655 2443 quare
671 2384 729 2428 recte
744 2402 758 2429 a

40 2433 101 2478 Wfik.
112 2441 228 2486 Ieceptum.
251 2440 302 2479 Hav-
318 2454 366 2482 cum
384 2443 504 2496 vulgaribus
519 2443 577 2483 editt.
591 2443 626 2482 vel
642 2446 757 2494 acl⁴uaque5

552 2499 629 2547 Ta,
