1690 2654
248 89 289 130 AD
306 86 443 129 nlssnurl
461 84 607 126 sumunt.
694 81 773 129 “593

7 203 9 205 ’
57 213 88 242 ter
99 197 209 250 poscendi,
229 210 254 236 ac
262 196 408 250 frequenter.“
423 198 455 235 W
456 197 495 235 ab.
521 197 545 232 In
556 194 642 245 reliquis
653 200 727 233 tamen
737 193 772 232 10-

58 252 96 300 cis,
114 251 150 288 ubi
161 249 268 288 Lucretius
281 249 321 287 hac
333 261 384 286 voce
395 248 473 296 utitur,
494 245 524 296 ΙΙ,
538 247 582 287 369.
600 253 621 284 et
633 248 666 295 IV,
679 247 723 287 657.
732 258 772 297 pro

57 302 145 354 simplici
153 317 236 354 poscere
245 306 368 350 usurpatum
378 300 466 338 videtur.

107 355 151 393 999.
178 354 202 401 a]
222 352 283 391 Wak.
294 352 410 402 suspicatur
426 353 462 396 (ὠς
483 348 520 386 sed
535 361 577 386 non
587 349 653 386 ubivis
663 348 772 387 Lucretius

56 405 147 445 scribere
163 403 245 450 debuit,
260 410 283 440 ut
298 417 316 441 v.
327 417 344 441 c.
360 403 386 440 ad
398 403 421 449 V,
437 402 492 440 1253.
511 401 548 446 VI,
563 398 663 440 421-741.
676 403 720 441 932.
733 407 772 440 etc.

2 487 4 490 .
58 457 105 507 (ubi
119 455 160 494 vid.
175 455 268 504 annott.)
282 477 308 483 -
322 452 485 508 quasquomque]
505 452 552 489 Ver.
566 453 616 491 ten.
633 468 673 505 qua
688 468 771 505 curque,

56 509 123 549 Attin.
135 510 183 544 Bon.
194 522 329 559 quaecunque.
345 507 440 542 Ceterum
449 504 474 540 de
485 502 543 539 omni
552 502 600 540 loco
611 511 717 555 sequente,
728 504 771 555 qui,

55 560 95 597 hac
107 557 187 597 velina
199 569 250 595 voce
261 558 352 602 variata,
365 556 407 592 iam
425 555 493 592 adfuit
510 557 544 601 Ν,
557 556 596 594 918
608 577 632 582 -
643 557 699 604 9311,
721 569 771 593 con.

55 612 122 655 feras,
136 621 224 659 quaeso,
243 607 329 659 quaein
341 607 392 647 Diss.
403 606 427 644 de
439 608 500 644 Lucr.
511 619 530 655 p.
541 607 567 645 28
577 619 602 644 ss.
615 606 770 656 disputavimus.

106 662 152 701 923·
179 663 234 700 mirri
245 660 366 713 spargique]
380 659 456 710 fragm.
468 658 528 698 Vind.
539 661 584 696 ruiti
594 662 706 711 spurcique,
720 659 770 696 Brit.

55 716 74 755 3.
84 717 140 752 mitit
145 715 250 764 parcique,
259 712 312 747 Ver.
324 712 375 748 Ven.
387 713 444 750 micis
451 713 556 763 parcique,
574 711 627 748 Brir.
639 714 696 749 inicia
706 714 770 763 parti-

55 781 98 818 que,
111 764 224 802 Vindmiti
234 778 342 815 sputaque,
356 765 416 800 Poor.
427 766 483 801 mitis
492 764 616 814 pariterque,
629 761 679 799 Brit.
692 764 770 801 111111-

56 820 73 855 rt
87 818 182 868 patique,
202 814 247 853 Ald.
259 815 277 854 1.
292 816 342 854 Bon.
360 817 416 854 mitti
425 812 519 864 fateare.
545 813 604 851 Nihil
615 820 686 851 tamen
704 813 769 851 latere

55 867 146 913 videtur3
166 865 221 904 conf.
232 868 265 912 Ν,
282 866 326 905 678.

106 920 150 958 996.
178 917 281 969 asturiis]
296 919 344 955 Ver.
358 919 410 957 Ven.
424 919 448 956 de
456 919 541 968 fluviis,
554 916 600 955 Aid.
613 918 631 956 1.
643 919 693 955 Bon.
707 920 768 970 eflu-

3 1015 4 1018 ,
54 973 106 1015 viis5
126 969 209 1006 omnino
223 968 280 1006 deest
295 969 421 1018 praepositio
437 968 497 1008 Vind.
512 969 589 1020 fragm.
603 969 664 1007 Vind.
676 969 725 1006 Brit.
737 971 768 1015 3.;

56 1033 119 1072 quare
135 1020 194 1059 Wak.
212 1020 267 1059 coni.
282 1024 359 1074 Frigus
375 1024 418 1061 uter*
431 1023 518 1074 fluviis,
542 1020 599 1073 quod
619 1021 710 1071 probare
726 1032 768 1058 non

70 1085 145 1112 ossum.

54 1087 68 1124 P
105 1125 150 1164 927.
175 1124 298 1174 moerorum]
313 1124 364 1162 Redi
376 1125 403 1162 ad
412 1126 445 1174 Ν,
458 1126 503 1164 991.
515 1123 587 1175 ibique
597 1130 704 1164 annotata.

104 1178 149 1216 928.
173 1192 211 1229 per
223 1177 296 1226 auras]
316 1178 347 1213 sic
364 1177 423 1214 Wak.
441 1176 532 1213 restituit
548 1188 572 1213 cx
588 1178 683 1214 omnibns
698 1174 766 1222 iibris;

35 1274 36 1277 Ἴ
54 1227 115 1279 vuigo
124 1244 160 1278 per
171 1244 231 1267 aures
242 1228 287 1277 (vet
298 1230 388 1278 aureis),
407 1241 481 1266 erana
493 1227 588 1266 Lambini
600 1228 729 1267 coniectura.

104 1281 149 1319 929.
176 1282 198 1318 irv
209 1284 245 1327 os]
260 1279 315 1318 Brix.
327 1282 375 1320 Ver,
384 1284 436 1321 Ven.
447 1296 496 1326 mor,
509 1281 570 1318 Poor.
582 1280 629 1316 Brit.
642 1283 659 1319 1.
671 1280 691 1318 3.
701 1295 753 1318 mor.

104 1334 147 1369 uss.
164 1332 200 1370 931
219 1339 239 1369 ct
253 1332 298 1371 932·
325 1331 348 1369 in
364 1332 459 1369 omnibus
476 1331 536 1369 libris
553 1337 638 1382 praeter
655 1330 699 1368 Aid.
713 1332 730 1370 1.
746 1332 765 1369 2.

53 1384 102 1419 Bon.
114 1384 168 1421 Iunt.
184 1383 315 1421 coIiocantur
328 1391 376 1432 post
390 1397 409 1420 v.
420 1385 464 1422 936.
492 1382 532 1420 sed
547 1383 651 1421 veriorem
668 1382 766 1420 ordinem

53 1440 194 1482 repraesentat
202 1434 260 1473 Iocus
272 1434 471 1484 93131161115111993
482 1447 507 1474 ss.
535 1439 598 1485 Quum
610 1433 699 1484 tuimur]
713 1446 766 1471 non-

53 1484 106 1522 nulii
117 1484 181 1535 Codd.
193 1486 292 1526 Prisciani
311 1486 359 1538 (qui
370 1489 422 1533 VIII¹
435 1489 465 1526 17.
477 1489 494 1532 ἓ.
504 1486 536 1525 95.
552 1486 583 1536 [p.
596 1487 640 1525 838.
651 1486 688 1535 R]
704 1486 766 1523 affert

53 1536 116 1573 verba
131 1539 236 1591 dilutaque
248 1559 275 1567 -
288 1559 313 1566 -
327 1539 421 1588 arrzaror)
436 1541 562 1584 contuimur,
580 1543 604 1574 ut
618 1538 660 1573 iam
670 1538 705 1582 IV,
718 1538 764 1576 225.

54 1587 104 1625 Cod.
117 1589 175 1625 Poor.
189 1610 215 1618 -
228 1590 321 1639 amaror]
341 1590 402 1629 Vind.
413 1596 433 1627 et
443 1602 514 1627 omnes
525 1588 589 1628 Godd.
601 1588 700 1628 Prisciani
709 1588 765 1639 apud

52 1638 123 1676 KrehI.
137 1655 213 1679 amara.
241 1641 316 1690 (Conf.
327 1640 354 1679 ad
365 1643 398 1691 IV,
410 1641 467 1691 225.)

102 1691 147 1731 939.
174 1694 198 1731 ab
210 1693 279 1743 rebus]
302 1694 460 1734 Cantarebus.
481 1692 541 1743 (vid.
557 1704 620 1742 supra
637 1691 664 1730 ad
678 1705 697 1731 v.
708 1693 764 1742 922.)

52 1761 77 1770 ·-
86 1744 188 1793 fluenter]
201 1745 262 1783 Vind.
271 1745 330 1782 Poor.
343 1746 400 1782 Cant.
407 1748 507 1797 fluentur,
521 1743 573 1781 Brix.
583 1746 630 1785 Vcr.
639 1746 690 1781 Van.
696 1747 765 1797 fluer-

52 1796 85 1832 tir.
112 1794 187 1841 (conf.
199 1795 225 1832 ad
235 1796 269 1842 IV,
279 1797 325 1835 226.
342 1803 363 1833 et
373 1798 404 1843 VI,
415 1797 473 1844 590.)

102 1846 145 1885 936.
170 1847 255 1896 sonare]
269 1846 365 1888 sicWaIr.
379 1860 428 1885 curn
438 1846 534 1885 omnibus
543 1846 602 1885 libris
614 1853 697 1897 praeter
707 1847 763 1885 Iunt.

52 1894 96 1985 ἒέᾶ.
108 1898 138 1947 1.,
152 1910 205 1949 quae
215 1898 273 1936 solae
283 1898 354 1937 favent
369 1899 465 1951 vulgatae
476 1914 566 1938 sonorem
572 1913 580 1946 ,·
599 1911 683 1948 prorsus
695 1905 719 1936 ut
732 1901 763 1946 Ν,

101 1999 146 2039 938.
173 2003 195 2039 in
203 2003 267 2051 primo
278 2001 377 2051 carmine]
390 2000 491 2039 nimirum
502 2001 551 2040 inde
562 2014 574 2040 a
589 2016 608 2042 v.
620 2003 665 2042 966.
679 2023 705 2030 -
718 2003 737 2040 cl
751 2022 762 2030 ·

52 2049 95 2098 ret]
110 2050 185 2102 fragm.
195 2053 254 2093 Vind.
264 2054 315 2092 Brit.
326 2055 346 2094 3.
358 2057 425 2100 clare,
438 2053 497 2091 Vind.
509 2054 576 2105 Lugd.
589 2055 607 2093 1.
619 2056 638 2093 2.
653 2055 700 2092 Ver.
711 2055 761 2092 I'cn.

52 2102 110 2148 riarc3
130 2103 179 2140 Brit.
192 2105 210 2142 1.
226 2105 279 2144 Brix.
292 2108 348 2151 diri,
367 2117 392 2142 en
408 2104 488 2142 librarii
503 2106 610 2143 cuiusdam
624 2106 760 2145 correctione.

51 2152 139 2191 Verbum
150 2158 225 2195 clarere
238 2163 321 2206 autem,
332 2157 346 2194 i.
358 2169 376 2195 e.
389 2158 465 2195 clarum
478 2172 525 2205 esse,
539 2163 623 2207 praeter
633 2156 684 2195 aiios
695 2158 760 2203 iocos,

53 2214 102 2249 quos
117 2206 191 2243 Lexica
204 2209 317 2257 praebent,
338 2208 393 2258 apud
407 2207 496 2246 Ennium
513 2221 596 2258 quoque
607 2221 627 2259 p.
637 2210 670 2248 99.
684 2216 705 2246 et
715 2208 760 2248 991,

52 2253 106 2290 iIcss.
122 2258 219 2299 occurrit.
246 2260 306 2298 Wak.
321 2260 393 2298 iaudat
407 2259 497 2297 Nouium
508 2262 538 2307 11,
550 2262 593 2300 127.
613 2260 653 2300 Cic.
671 2262 724 2298 Arrt.
741 2262 759 2299 6.

53 2306 144 2361 (nescio,
164 2310 213 2360 quid
224 2311 264 2349 sibi
279 2311 330 2350 velit
344 2324 443 2349 numerus
451 2314 482 2352 72.
493 2311 548 2362 apud
559 2311 630 2361 Wak.)
648 2318 668 2350 et
676 2315 758 2349 Iurene.

51 2353 97 2393 inst.
107 2371 178 2412 evang.
188 2365 211 2411 H,
223 2365 268 2403 782,
734 2399 744 2414 x

71 2460 75 2466 ,
102 2408 145 2450 9111.
171 2415 195 2453 de
206 2415 314 2466 disserere]
336 2416 396 2454 Cant.
409 2417 530 2464 detinere,
544 2415 757 2456 &intertenta-

52 2458 137 2513 dtrcere,
150 2465 199 2506 Brit.
211 2468 231 2508 3.
242 2471 340 2509 decliuem
350 2483 389 2509 rec.
