1690 2654
245 90 285 133 AD
301 84 436 131 LIBRUM
452 81 640 126 SECUNDUM.
754 77 802 125 231

82 198 245 238 cuiusdam-viri
258 197 325 246 docti3
340 197 407 246 (nam
418 194 483 233 Alteri
498 191 596 243 editioni,
616 203 641 231 ex
652 203 693 243 qua
704 189 768 231 etiam
779 189 802 230 in

83 251 198 291 Cod.Vind.
209 251 322 303 legeretur,
335 261 410 300 parum
421 246 577 291 tribuendum).
604 245 656 283 Hav.
667 256 715 282 cum
726 243 802 282 ceteris

83 304 141 344 editt.
152 303 208 354 vulg.
236 307 289 353 Quin
303 313 382 347 tomen,
402 300 482 350 pariter
497 297 542 334 sine
555 297 659 334 librorum
668 297 801 335 auctoritate.

83 358 179 393 Ceterum
191 366 230 391 vss.
245 354 353 396 29-33.,
370 351 403 388 vix
413 363 455 388 uno
466 349 501 387 vel
517 348 584 387 altero
593 348 696 387 vocabulo
710 354 800 397 mutato,

27 404 29 407 ¹
82 412 206 459 repetuntur
216 406 239 449 V,
254 405 303 445 1391
311 426 337 433 -
345 403 402 443 1395.

76 456 78 459 ’
134 458 166 498 33.
195 456 267 505 „Coa
280 457 337 493 Cant.
347 453 495 493 viridantibust
509 451 617 503 eleganter
626 451 710 501 hercle,
724 458 745 490 et
755 451 801 491 for-

66 515 72 521 ”
82 510 141 548 tassis
150 520 211 554 vere3
223 513 247 544 ut
258 506 386 558 intelligatur
399 504 527 543 vocabulum
537 506 563 541 de
575 503 647 554 quovis
656 504 718 543 hilari
728 504 801 543 colore

82 560 235 611 venustoquess‘
263 561 293 598 W
296 561 333 597 at.

49 654 51 658 ,
134 613 161 652 36
193 613 283 654 lactoris
297 609 352 648 edidi
370 621 418 648 curn
431 606 529 647 vLambin.
547 605 626 645 Eichst.
644 605 707 646 Orell.
724 617 735 644 e
751 606 800 644 Cod.

84 667 147 713 Gott,
163 662 210 714 quia
219 653 249 701 sic
258 661 387 700 concinnitas
397 661 439 699 loci
447 660 554 711 postulare
564 658 654 697 videtur.
678 659 745 696 Ceteri
754 658 803 696 libri

84 728 156 755 omnes
165 717 259 763 lucteris,
272 720 296 751 ut
304 715 354 750 Hav.
364 712 437 758 Wak‚;
452 711 510 749 editt.
520 711 575 748 Brix.
580 712 627 748 Ver.
637 712 689 748 Ven.
700 714 802 759 Luctaris,

84 780 137 820 quae
147 767 210 804 verba
221 766 283 805 etiam
292 767 325 814 IV,
335 765 380 806 993.
396 770 417 802 et
425 765 449 813 V,
461 764 518 804 1067.
529 761 617 801 confusa
627 762 767 813 reperiuntur.

99 843 101 845 -
135 816 166 858 41.
179 816 211 858 42.
237 819 267 856 De
281 817 323 856 hoc
340 816 389 855 loco
404 816 491 854 brevem
508 814 670 866 disputationem
686 814 767 853 institui
779 814 802 852 in

85 872 164 909 Comm.
171 882 219 908 mea
230 869 256 908 de
264 871 324 908 Lucr.
335 881 354 918 p.
362 868 426 913 85ss.,
441 868 499 905 cuius
508 879 591 904 summa
600 866 642 904 huc
650 867 716 904 redit:
730 869 802 913 Quum

83 922 163 961 Nonius
172 923 199 967 X,
211 922 228 959 1.
240 933 251 959 e
261 921 315 958 libro
325 923 350 959 ΙΙ,
358 919 447 957 Lucretii
457 918 513 956 hunc
523 927 607 957 versum
618 918 703 966 afferat:
716 922 802 958 Farnere

84 989 144 1026 quum
157 976 229 1012 uideas
239 974 324 1012 classem
339 973 419 1024 lateque
429 974 513 1030 auguri,
531 970 567 1020 qui
578 977 650 1010 nostro
666 967 802 1020 versuilllta
835 985 838 989 ·

84 1024 147 1064 Ccdd.
156 1023 247 1062 exhibito
257 1023 375 1061 simillimus
386 1023 419 1072 sit,
432 1023 468 1060 alit
478 1023 559 1071 (Lamh.
570 1023 668 1070 maxime,
675 1022 711 1073 qui
721 1023 801 1072 primus

83 1076 140 1115 huno
148 1087 231 1115 versum
239 1075 326 1112 eNonio
333 1074 419 1124 recepit,
424 1080 445 1110 et
450 1073 517 1122 Wak„
523 1081 607 1112 strenue
618 1087 666 1112 eum
672 1073 802 1122 defendens)

83 1135 197 1177 utrumque
206 1139 289 1164 versum
298 1125 415 1164 aLucretio
426 1125 524 1175 positum,
537 1126 629 1164 alterum
639 1138 696 1175 vero,
711 1138 723 1164 a
733 1125 802 1164 Nonio

83 1184 194 1226 servatum,
207 1183 295 1228 propter
304 1176 359 1217 idem
373 1188 420 1216 cum
431 1176 497 1227 priori
504 1178 587 1230 initium
596 1177 730 1218 librariorum
740 1177 803 1226 culpa

84 1231 184 1269 omissum
198 1230 326 1276 habuerunt,
347 1228 383 1266 alii
398 1240 448 1267 vero
463 1230 566 1281 (Preiger.
581 1230 675 1280 inprimis
692 1236 713 1268 et
730 1229 801 1268 Orellii

84 1284 161 1320 Censor
173 1282 196 1319 in
212 1282 298 1331 Ephem.
312 1281 342 1318 lit.
352 1284 394 1318 len.
406 1281 462 1320 1823.
479 1282 512 1319 ch.
524 1282 567 1327 76.)
588 1282 680 1320 Nonium
698 1295 710 1319 e
724 1280 801 1320 nostris

85 1334 149 1373 Godd.
162 1332 322 1384 corrigendum,
340 1333 424 1382 eiusque
443 1332 591 1372 auctoritatem
609 1333 670 1372 nihili
681 1332 801 1372 faciendam

85 1384 236 1424 existimarunt.
263 1386 342 1423 Neutra
354 1383 407 1433 ratio
420 1383 495 1435 habet,
517 1397 558 1436 quo
573 1385 680 1436 probetur.
707 1385 802 1423 Primum

85 1437 141 1475 enim
151 1434 282 1489 ἐπανάληψις
292 1436 335 1485 illa,
349 1448 411 1488 quam
422 1437 620 1482 Larnh.sadmodum
628 1437 742 1476 iucundam
752 1450 801 1475 cen-

84 1495 126 1535 set,
144 1489 258 1527 admodum
270 1490 352 1540 ingrata
362 1495 382 1525 et
393 1501 405 1525 a
413 1489 505 1526 Lucretii
516 1491 574 1540 graui
588 1489 721 1540 simplicitate
733 1489 801 1528 aliena

84 1540 179 1589 videtur;
194 1541 268 1578 deinde
279 1553 329 1578 vero
339 1552 381 1577 non
391 1546 490 1590 apparet,
505 1553 553 1591 cur,
567 1541 585 1579 si
595 1549 685 1593 uterque
695 1554 767 1581 versus
778 1540 801 1579 in

86 1591 150 1632 Codd.
160 1592 252 1631 Lucretii
261 1591 366 1642 adfuisset,
380 1591 458 1631 Nonius
468 1592 557 1632 alterum
567 1600 656 1644 rantum,
667 1599 688 1633 et
698 1593 800 1646 posterio-

84 1655 130 1682 rem
141 1644 231 1696 quidem,
244 1644 343 1682 attulerit.
370 1644 448 1683 Contra
458 1650 528 1682 autem
537 1646 604 1684 Nonio
613 1653 657 1684 tam
666 1659 743 1697 parurn
751 1646 801 1683 fidei

84 1695 190 1745 tribuere,
208 1704 232 1734 ut
244 1696 347 1734 Codicum
361 1695 475 1734 lectionem
489 1696 534 1734 sola
544 1698 672 1750 negligentia
684 1698 719 1738 vel
730 1711 801 1736 errore

84 1747 200 1786 memoriae
216 1748 268 1786 adeo
283 1749 308 1786 ab
329 1759 352 1785 eo
370 1753 474 1786 mutatam
492 1749 619 1799 habeamus,
644 1750 685 1789 hoc
700 1756 720 1789 et
732 1751 801 1802 ipsum
814 1773 816 1777 ·

84 1797 174 1849 iniquius
185 1806 206 1837 et
221 1799 319 1838 audacius
329 1798 418 1840 videtur.
446 1802 515 1847 Quare
531 1801 572 1840 hoc
583 1802 645 1840 etiarn
660 1802 682 1840 in
697 1803 745 1841 loco
759 1802 800 1839 du-

85 1849 145 1899 plicis
160 1851 287 1890 recensionis
304 1851 390 1902 vestigia
404 1851 464 1889 nohis
477 1864 593 1902 superesse,
610 1860 631 1891 et
644 1854 706 1892 Nonii
716 1850 806 1892 versum*

85 1912 98 1937 a
113 1902 211 1942 Lucretio
226 1904 272 1954 ipso
287 1903 418 1953 profectum,
440 1904 476 1941 sed
495 1905 584 1954 fortasse
600 1905 627 1943 oh
642 1905 799 1944 insolentiorem

85 1953 144 1991 verbi
156 1956 234 2006 elassis,
248 1968 286 2007 pro
300 1957 390 1996 exercitu
402 1955 475 2006 positi,
487 1954 663 2008 significationem
671 1959 695 2007 *)
709 1959 775 1997 serius
790 1972 801 1996 e

111 2052 133 2103 *J
151 2055 210 2094 Nunc
223 2056 287 2095 aliam
299 2056 368 2109 potius
381 2069 464 2097 causam
477 2060 592 2110 proferam·
619 2062 688 2101 Potest
699 2063 801 2102 nimirum

135 2106 243 2166 Lucretius
259 2110 322 2149 etiam
335 2110 420 2149 navium
436 2111 525 2151 classem
540 2112 668 2165 significare:
688 2118 714 2154 at'
723 2115 741 2153 si
756 2116 801 2167 quis

136 2167 203 2197 sertor
211 2160 255 2198 eius
263 2161 402 2213 interpolator
411 2162 448 2201 hos
460 2176 530 2203 versus
540 2164 659 2204 invenerat:

208 2212 229 2248 Si
242 2225 285 2250 non
298 2214 353 2252 forte
366 2220 411 2252 tuas
425 2215 517 2267 legiones
531 2229 570 2266 per
582 2216 635 2256 loca'
644 2218 712 2270 campi

192 2263 296 2318 'Fervere
310 2278 374 2318 quom
386 2266 456 2305 videas
470 2268 556 2307 classem
568 2269 652 2321 lateque
666 2271 746 2324 vagari3

135 2314 319 2372 non1ntelligerrs,
334 2318 431 2368 copulam
445 2335 483 2372 que
496 2320 531 2360 hic
542 2333 586 2358 non
596 2323 677 2372 primo,
693 2323 729 2361 sed
740 2322 800 2360 alteri

137 2367 252 2403 sententiae
266 2369 330 2408 verho
345 2369 465 2409 adiunctam
481 2384 523 2411 esse
538 2374 587 2423 (pro
602 2376 724 2428 classemque
737 2374 799 2421 late),

135 2409 225 2474 ideoque
238 2415 290 2476 duos
305 2423 433 2461 accusativos
444 2424 522 2464 obiecti
536 2425 607 2464 adesse
615 2432 683 2478 ratus,
701 2425 764 2466 facile
773 2425 800 2463 ad

136 2470 275 2508 mutationem
284 2469 343 2512 illam
353 2473 425 2514 induci
434 2475 509 2526 potuit.

599 2533 647 2573 ut
