1690 2654
226 89 266 132 Al)
282 82 414 129 LIBRUM
430 83 576 126 SEXTUM.
713 84 762 130 523

96 204 141 244 737,
168 199 260 255 magnis]
274 196 338 248 vulgo
346 197 371 232 ¹in
381 194 474 245 mogoin
492 193 529 230 sed
544 193 734 245 praepositionem,
749 207 762 233 a

44 254 102 293 nullo
114 255 168 293 libro
181 251 345 304 suppeditatam,
358 244 419 284 Wak.
430 250 487 282 recte
500 244 577 284 omisit.

97 308 142 346 789.
168 308 212 344 ideo
228 300 299 349 terris]
322 299 352 336 sic
368 295 413 333 Ald.
425 298 442 336 1.
456 296 476 335 2.
491 296 542 334 Bon.
558 301 622 343 Iunt.;
643 298 696 337 Brix.
714 299 762 338 inde

4 391 5 394 Ἰ
45 362 116 407 terris,
137 356 202 407 ΒΨ,
215 356 233 393 1.
243 355 263 394 2.
279 350 338 391 Bodl.
355 347 415 385 Vind.
434 347 512 397 fragm.
527 349 589 387 Vind.
605 351 665 388 Poor.
681 350 730 389 Brit.
740 352 760 390 3.

46 411 106 449 Cant,
125 409 173 446 Ver.
189 408 239 443 Ven.
254 405 366 449 indemne,
393 398 473 448 (literis
492 405 564 438 tamen
586 401 643 439 varie
663 402 760 451 divisis),

1 494 5 497 .
44 461 93 502 Brit
104 461 122 498 1.
133 462 190 505 inde,
210 457 285 494 lacuna
297 454 379 491 relicta.

43 532 45 536 ¹
95 512 139 551 790.
167 508 226 546 Gonf.
240 518 292 557 quae
303 505 329 542 ad
339 505 357 551 1,
370 500 415 543 814.
428 502 511 541 anobis
521 511 620 543 annotata
629 512 683 543 sunt.

95 563 140 602 791.
166 557 234 613 gerit]
253 556 386 595 Bentlconi.
398 558 463 608 genit.
489 557 528 593 Sed
538 557 585 594 virle
598 558 624 595 ad
636 560 650 607 l,
663 559 707 598 718.

2 642 4 645 .
94 614 133 653 792
147 625 161 649 s.
187 610 270 656 Retinui
286 620 335 645 cum
344 607 420 645 Eichst,
433 607 542 657 vulgatam
556 609 681 658 lectionem,
695 619 759 660 quam

2 680 5 684 ’
44 663 111 712 Wak.‚
123 676 188 715 quum
204 674 276 701 omnes
291 660 352 708 libri,
367 666 453 709 excepto
466 661 517 700 Brit.
528 662 560 711 3.‚
575 666 629 700 ocris
643 662 677 700 vel
693 665 760 701 ocreis

43 717 158 766 praebeant
172 727 210 765 pro
227 711 313 760 ocri*)‚
333 711 382 750 satis
398 713 500 750 audacter
518 713 548 751 sic
564 714 666 752 mutavit:
680 734 707 742 —
725 716 761 753 ubi

44 771 102 808 acris
115 770 149 807 Ni
155 769 200 806 dor
213 765 336 817 subfundit
349 767 429 812 nareis,
444 775 472 803 tu
479 781 498 804 m
512 767 588 818 cogit
601 767 693 806 ibeidem.

93 816 138 859 794.
164 819 189 855 In
198 816 240 855 hoc
251 828 312 854 versu
320 828 404 867 prorsus
414 824 513 866 sequutus
522 829 568 854 sum
578 820 631 856 lunt.
644 825 666 855 et
674 817 719 856 ΛΜ.
730 819 758 867 2.,

44 882 132 921 quarum
146 869 247 907 lectiones
257 867 319 906 Wak.
330 868 422 919 recepit,
439 869 533 906 fontibus
545 876 628 917 tamen,
641 870 697 907 unde
708 869 759 907 han-

44 923 76 968 sit,
89 936 134 960 non
141 921 244 960 indicatis.
272 923 380 959 Concidere
391 932 440 958 vero
451 927 473 958 et
483 923 563 960 mittere
574 933 647 959 omnes
656 922 683 959 ad
692 934 759 959 unum

43 972 92 1012 libri
106 979 201 1022 tuentur,
216 983 238 1012 ιιι
251 972 315 1010 etiam
326 972 348 1010 in
359 972 408 1012 Brit.
420 973 438 1013 1.
449 972 537 1023 legitur,
551 972 599 1010 loco
612 973 669 1011 vocis
685 989 759 1024 pronos

44 1031 121 1073 autem,
136 1037 199 1077 quam
209 1024 364 1063 etiamltlemm.
375 1024 430 1076 apud
440 1025 513 1064 Lamh.
523 1026 626 1076 agnoscit,
639 1024 696 1063 Bodl.
705 1026 759 1063 Brix.

43 1077 92 1118 Ver.
102 1078 154 1116 Ven.
163 1077 209 1118 Ald.
219 1079 238 1116 1.
250 1079 300 1114 Bon.
312 1083 334 1115 et
343 1078 389 1116 Vat.
399 1076 495 1114 Lambini
508 1081 596 1129 primos,
609 1076 668 1115 Vind.
678 1077 727 1116 Brit.
739 1080 758 1117 1.

40 1131 121 1181 pinnas,
135 1129 183 1166 Brit.
192 1130 211 1169 3.
218 1144 302 1181 pennos,
314 1128 381 1180 Lugd.
393 1130 411 1168 1.
423 1129 442 1167 2.
453 1128 530 1179 fragm.
541 1128 602 1167 Vind.
613 1131 671 1169 Cant.
678 1145 758 1183 pomos,

43 1181 97 1219 Tett.
103 1180 199 1228 Lambini
203 1183 282 1232 fumos,
289 1181 349 1221 Poor.
354 1180 435 1232 somus,
443 1186 464 1218 et
469 1192 507 1229 pro
514 1183 592 1220 morbos
598 1181 682 1221 ltlemm.
687 1180 732 1220 Ald.
739 1183 758 1222 1.

43 1233 93 1271 Bon.
107 1234 197 1281 morbos,
209 1232 276 1272 Vatic.
291 1243 391 1278 monstro,
406 1233 471 1270 ceteri
486 1235 553 1272 morbo
565 1232 673 1282 exhihent3
693 1246 758 1285 quare

43 1283 103 1324 Wak.
113 1284 256 1322 coniecturam
265 1284 358 1336 profert:
372 1295 392 1323 et
399 1285 473 1336 furnos
483 1287 543 1336 quast
552 1286 638 1325 morbom
647 1301 672 1324 m.
682 1301 698 1324 s.
717 1284 758 1323 Sed
818 1285 820 1289 '

43 1342 128 1386 recepta
138 1336 201 1388 longe
212 1336 309 1375 'meliora'
323 1349 409 1384 censeo,
423 1335 445 1373 in
459 1336 532 1386 quibus
549 1339 641 1388 consopit
653 1340 758 1376 concidere

43 1399 81 1439 per
95 1387 234 1439 graecismum
249 1388 317 1438 posita
331 1400 405 1426 censeo
416 1400 467 1437 pro:
486 1393 518 1428 ito
530 1392 631 1441 consopit,
652 1400 676 1427 ιιι
686 1389 758 1440 fociot

44 1442 156 1487 concidere,
174 1440 282 1490 quodiam
293 1440 390 1478 Turueho
403 1439 496 1479 Adverss,
507 1442 585 1485 XXVI,
599 1442 633 1481 13„
642 1446 662 1478 et
672 1441 757 1478 Palme-

43 1490 75 1528 rio
86 1492 108 1528 in
120 1493 205 1529 Gruteri
217 1492 277 1531 Thes.
288 1494 311 1532 T.
320 1494 356 1531 IV.
369 1505 390 1541 p.
400 1493 444 1532 849.
460 1491 561 1542 placuisse
576 1491 648 1541 video,
674 1492 710 1543 qui
725 1500 757 1530 ta·

43 1552 93 1581 men
104 1542 169 1581 Fahro
180 1542 269 1595 aliisque
279 1557 321 1582 non
330 1550 483 1595 persuaserunt.
508 1548 535 1581 At
544 1555 593 1582 vero
608 1556 673 1595 quum
682 1546 757 1582 Roma-

44 1593 66 1631 ni
75 1594 192 1645 sententias,
207 1608 260 1647 quae
270 1596 335 1634 finem
344 1595 435 1648 aliquem
447 1595 546 1640 indicant,
560 1595 667 1634 interdum
677 1608 715 1646 per
725 1597 757 1633 in-

43 1645 158 1696 finitivum,
177 1659 220 1685 non
229 1660 267 1697 per
278 1660 362 1687 otcum
378 1648 509 1687 coniunctivo
522 1648 650 1699 exprimant,
670 1648 757 1696 (locisa'

44 1697 147 1737 Palmerio
159 1699 249 1737 laudatis
265 1700 319 1738 adde
332 1701 389 1751 Virg.
400 1703 449 1740 Aen.
460 1701 500 1749 VI,
513 1701 558 1749 313.
574 1702 661 1739 Stabant
677 1712 758 1740 orontes

42 1752 103 1802 primi
113 1754 251 1792 transmittere
261 1768 350 1801 cursum,
368 1753 420 1790 Hor.
427 1751 489 1800 Epist.
501 1752 523 1800 I,
533 1753 556 1802 2,
568 1752 600 1792 27.
614 1756 697 1805 Fruges
708 1768 757 1793 con·

45 1815 120 1841 sumere
129 1807 181 1853 noti,
196 1803 303 1843 Claudian.
315 1805 397 1856 Gigant.
407 1805 432 1852 V,
441 1805 472 1843 50.
488 1806 581 1857 Undique
591 1816 712 1843 concurrunt
723 1821 757 1843 ar-

45 1868 86 1892 cem
96 1854 203 1905 defendere
215 1859 276 1905 cives,
290 1856 407 1906 aliosque);
424 1855 496 1908 quidni
506 1854 611 1904 Lucretio,
627 1856 756 1894 Graecarum

46 1908 222 1947 constructionum
235 1903 384 1955 amantissimo,
398 1907 510 1959 aliquando
521 1908 586 1945 etiam
599 1907 756 1946 coniunctivum

45 1968 93 1994 cum
104 1970 138 2006 nt,
153 1959 321 2011 consequutionis
334 1960 415 2006 indice,
429 1961 450 1997 in
460 1957 586 1997 infinitivum
594 1965 676 1999 mutare
689 1959 757 1998 licue-

45 2007 87 2046 rit?
107 2010 186 2059 (Simili
197 2011 288 2064 quadam
300 2012 382 2051 ratione
393 2014 426 2056 IV,
438 2012 483 2052 953.
496 2010 560 2051 verba
573 2014 663 2065 poplites
674 2013 757 2052 cubanti

45 2061 188 2103 submittuntur
202 2065 338 2116 interpretari
351 2064 478 2102 studuimus:
494 2065 584 2118 poplites
595 2069 755 2113 summittuntur,

46 2122 68 2150 nt
80 2115 137 2153 lzomo
151 2117 287 2169 procumbat.)
304 2116 338 2155 Sic
352 2115 417 2168 igitur
428 2115 489 2156 Wak.
504 2117 625 2153 coniectura
640 2127 683 2156 tum
700 2119 756 2170 cogit

46 2168 147 2207 concidere
155 2181 198 2207 uon
209 2169 283 2221 magis,
298 2180 363 2221 quam
373 2168 426 2217 cliis',
439 2180 491 2220 opus
500 2167 588 2207 videtur.
615 2168 709 2207 Gonieeit
718 2181 756 2207 au-

46 2258 197 2277 *Qu-

70 2316 92 2370 *)
106 2321 166 2366 Quod
181 2324 237 2362 enim
247 2324 308 2365 Wsk.
319 2329 429 2376 praeterea
439 2323 500 2373 dicit,
520 2324 586 2377 Lugd.
598 2325 615 2365 1.
627 2325 647 2365 2.
659 2335 697 2375 pro
708 2338 754 2361 con·

95 2376 149 2423 sopit
161 2375 259 2414 exhibere
269 2389 312 2417 tum
321 2381 386 2430 sopit,
400 2377 465 2415 mirus
479 2377 552 2429 utique
563 2384 593 2415 est
604 2388 674 2424 error,
689 2386 754 2425 quum

95 2423 143 2463 Hav.
156 2426 212 2466 clare
223 2434 244 2466 et
256 2429 435 2468 distincteafferat
448 2429 562 2468 lectionem
573 2445 617 2470 oum
626 2430 687 2481 sopit,
700 2437 754 2477 quae

96 2477 203 2531 avulgata
214 2480 248 2520 vix
259 2494 283 2521 uc
292 2494 319 2521 ne
330 2481 364 2522 vix
376 2481 462 2535 quidem
473 2481 561 2522 recedit.
738 2481 740 2484 ’
