1690 2654
219 92 261 133 AD
278 84 416 130 LIBRUM
433 82 579 125 SEXTUM.
712 81 760 128 551

42 213 123 258 posset,
143 200 188 240 sine
202 199 267 239 libris.
298 197 374 236 Eichst.
389 199 410 231 et
428 191 490 231 Orell.
505 190 671 241 Wakefieldurn,
689 191 760 230 Nobb.

45 256 140 306 vulgares
152 248 210 293 editt.
219 250 318 303 sequitur.
332 270 357 277 —
371 245 491 299 quoiquam]
505 246 590 294 Lami,
604 250 684 281 temere
693 244 760 291 offen-

46 307 96 345 dens
110 305 132 342 in
147 304 224 355 duplici
238 302 308 341 dativo
326 302 419 350 cuiquam
432 318 458 324 —
472 299 576 345 membris,
593 297 647 333 coni.
665 298 760 351 quidque,

45 359 79 397 vel
91 359 207 410 quidquam.
219 376 245 384 -
258 351 315 401 leve]
333 349 394 388 Vind.
405 347 453 387 Brit.
465 349 485 386 3.
498 349 545 386 Ver.
556 350 610 397 Ven.
617 349 667 387 lene.
800 385 805 397 Ἃ

97 422 153 461 1170.
182 423 266 460 Vertere
281 416 315 466 in]
335 412 400 464 Lugd.
419 412 437 451 1.
452 409 511 450 Vind.
531 410 608 463 fragm.
625 412 683 452 l'ind.
697 413 758 453 Poor.

46 473 95 510 Brit.
102 474 120 511 3.
131 474 187 508 Cant.
197 472 252 507 lunt.
263 467 308 505 Ald.
318 468 338 505 2.
351 469 371 505 V
370 474 449 511 atteret,
463 463 554 514 Lugdffl.
567 467 649 503 Vertere
661 476 687 512 et,
702 466 759 503 Exn.

45 526 90 562 Ver.
101 525 150 561 len.
161 521 206 559 Ald.
218 523 236 560 1.
252 523 343 559 Vertere.
370 516 438 555 Giffln.
451 515 505 553 coni.
520 519 607 558 vertier,
624 516 658 553 vel
672 521 727 555 verti
737 522 759 557 in

46 578 167 622 utilitatem,
185 584 248 623 qnam
260 570 347 607 aiteram
359 568 486 619 scripturam
495 567 566 605 Lamb.
577 567 641 605 etiam
656 569 758 618 probavit.

1 664 2 667 ,
45 616 79 663 Sic
88 637 146 662 error
157 636 248 662 errorem
259 621 387 671 procreavit:
397 642 423 649 -
431 619 530 673 frigora]
545 626 634 670 uterque
644 620 704 660 Vind.
711 622 759 674 fri-

45 692 99 729 goie.
113 697 137 704 -
151 675 238 728 semper]
254 673 319 711 Bentl.
331 673 385 710 coni.
394 675 478 725 partim,
493 672 537 709 sine
549 684 617 709 cause.
645 673 699 710 Ordo
711 685 759 711 ver·
785 695 788 699 -

45 729 131 776 horum,
150 740 213 777 quem
231 724 291 764 Wak.
303 730 366 777 recte
385 725 501 775 perspexit,
518 731 559 763 est:
579 727 665 775 semper
681 725 759 765 dabant

45 780 139 817 membra
148 779 174 817 ad
183 785 274 822 ventum,
288 778 364 828 partim
374 777 395 815 in
407 776 488 817 fluvios.

59 878 61 881 ,
97 844 153 883 1173.
179 841 286 895 lympheis]
304 841 334 879 sic
342 840 428 892 plurimi
439 839 497 884 libri,
512 853 563 892 quos
576 852 625 878 curn
634 840 690 894 vulg.
698 840 758 881 editt.

46 900 67 932 et
79 895 154 932 Orellio
173 901 271 945 sequutus
282 906 334 932 sum.
362 893 421 933 Wak.
435 893 524 940 (Eichst.
534 893 616 942 Nohh.)
627 906 651 931 ex
661 893 727 946 Lugd.
739 896 758 933 1.

45 949 64 986 2.
76 947 122 984 Ver.
141 947 227 997 (quihus
245 945 297 984 adde
314 946 370 985 Brix.
383 953 404 983 et
417 947 479 990 Ven.)
496 945 577 995 recepit
591 948 691 998 nymphis.
718 945 758 984 Sed

1 1021 2 1025 =
44 1004 112 1045 recte,
126 1006 187 1048 puto,
202 997 289 1035 Orellius
304 999 423 1036 annotavit:
441 996 524 1046 „lllirus
533 997 569 1035 ille
580 998 678 1036 orationis
688 997 758 1048 splen-

45 1048 84 1087 dor
94 1049 143 1087 huic
154 1049 200 1088 loco
210 1050 296 1087 minime
312 1049 424 1088 convenire
433 1049 526 1094 videtum
544 1056 565 1086 et
576 1062 615 1087 vox
623 1053 721 1103 nymphae
732 1049 758 1087 li-

44 1100 118 1138 brariis
133 1101 200 1140 altera
215 1097 299 1153 quidein
311 1109 355 1140 erat
367 1103 445 1140 notior.
473 1103 502 1138 De
516 1102 623 1152 utriusque
638 1102 757 1139 discrimine

44 1152 85 1195 vid.
95 1152 161 1193 Hand.
172 1154 198 1191 ad
210 1156 300 1192 Gronov.
313 1155 378 1194 Diatr.
392 1157 407 1193 l.
419 1166 440 1204 p.
452 1154 511 1192 179.“
537 1153 609 1201 (Gonl.
626 1154 688 1191 etiarn
704 1166 758 1204 quae

44 1204 142 1242 nobis-ad
153 1207 175 1250 V,
184 1204 228 1246 947.
239 1205 342 1256 disputata
351 1207 419 1255 sunt.)
439 1206 536 1243 ceterum
547 1205 582 1243 hic
594 1218 664 1243 versus
675 1206 698 1242 in
708 1206 757 1245 Brit.

45 1256 62 1294 1.
72 1257 90 1296 3.
102 1257 158 1296 eant.
170 1259 221 1296 Brix.
234 1259 280 1296 Ver.
292 1260 342 1297 Ven.
353 1258 398 1296 Ald.
410 1260 428 1298 1.
439 1259 489 1295 Bon.
500 1257 586 1308 ponitur
597 1264 644 1308 post
653 1271 671 1297 v.
685 1259 755 1306 1177.;

43 1305 66 1344 in
75 1309 128 1346 Iunt.
139 1321 188 1347 vero
198 1310 241 1348 iam
251 1317 299 1361 post
309 1324 328 1350 v.
340 1312 398 1351 1170.
589 1355 591 1362 .

94 1361 151 1400 1175.
178 1361 280 1411 mersans]
300 1363 365 1414 Lugd.
377 1365 395 1402 1.
405 1364 424 1402 2.
440 1364 538 1402 inerrans.
564 1360 631 1399 Faber
647 1361 701 1399 coni.
718 1378 756 1401 ve-

43 1425 106 1461 xans,
125 1425 198 1462 parurn
216 1414 318 1461 feliciter;
338 1414 397 1460 Wak.
409 1426 470 1461 vero,
490 1426 532 1451 non
550 1412 645 1462 felicius,
665 1429 755 1460 versans,

44 1462 100 1512 quod
109 1469 180 1502 tamen
190 1464 234 1515 ipse
248 1473 318 1504 censet
334 1467 431 1518 vulgatae
444 1466 622 1516 postponendam,
644 1478 708 1517 quarn
720 1465 756 1504 de-

43 1513 110 1552 fendit
118 1515 170 1554 locis
180 1520 249 1558 iuven.
260 1520 293 1567 X,
304 1520 337 1559 57.
349 1526 369 1557 et
380 1522 428 1557 Hor.
438 1517 499 1569 Epist.
510 1518 526 1566 1,
538 1520 556 1564 1,
567 1520 599 1558 16.

94 1580 151 1619 1176.
175 1585 261 1633 porois]
277 1583 329 1622 Brix.
341 1583 389 1621 Ver.
400 1574 451 1620 ven.
466 1582 508 1621 Ald.
521 1584 538 1622 1.
553 1585 602 1621 Bon.
610 1585 690 1636 pernix.

22 1679 24 1681 .
94 1644 137 1684 Vss.
149 1646 205 1685 1177.
217 1653 237 1683 et
247 1648 304 1687 1178.
331 1647 459 1685 aMacrobio
471 1650 513 1686 Set.
523 1650 589 1699 VW—
602 1649 630 1697 (p.
641 1649 684 1687 165.
698 1646 754 1698 Rip.)

43 1693 189 1743 proferuntur?
208 1698 268 1748 mali]
284 1700 341 1738 Cant.
352 1703 412 1750 mari,
426 1699 486 1739 Vind.
497 1700 548 1741 Brit.
555 1702 573 1741 3.
587 1703 631 1749 ori,
647 1701 693 1739 Ver.
704 1701 755 1740 Ven.

43 1747 99 1783 nulla
114 1750 135 1786 in
152 1751 209 1788 aride
218 1751 289 1798 sesso,
303 1757 324 1788 et
334 1764 346 1789 a
358 1751 406 1791 Brit.
419 1753 437 1791 1.
447 1765 509 1790 voces
521 1755 571 1793 mali
579 1751 662 1803 defessa
670 1763 755 1802 prorsus

43 1796 122 1835 absunt.
148 1800 201 1838 Edit.
213 1801 255 1852 Rip.
269 1808 290 1839 et
300 1802 376 1844 Eichst.
387 1804 466 1841 habent
476 1805 569 1855 defecta,
584 1817 624 1855 qua
634 1804 756 1842 coniectura

44 1860 85 1885 non
97 1862 146 1898 opus
156 1851 201 1890 fuit.
227 1856 291 1891 Recte
305 1855 374 1905 potius
386 1854 449 1894 orell.
467 1869 514 1893 cnm
532 1857 623 1895 Oudend.
639 1855 664 1893 ad
675 1855 756 1905 Apuleii

44 1900 92 1938 Met.
102 1904 135 1940 Vl.
146 1916 164 1952 p.
176 1906 220 1944 883.
236 1905 274 1954 <de
283 1903 324 1944 hac
334 1907 379 1958 ipsa
389 1907 491 1947 varietate
506 1908 630 1957 disserente)
646 1907 669 1945 in
679 1907 755 1946 talibus

45 1962 58 1988 a
70 1951 115 1990 nss.
127 1955 225 1994 standum
239 1970 282 1995 esse
293 1965 370 2000 censet.
426 1987 429 1997 .

95 2004 150 2043 1179.
174 2009 284 2060 potentia]
303 2011 364 2051 Vind.
381 2011 430 2050 Brit.
441 2013 461 2052 3.
478 2011 531 2049 Brix.
545 2012 593 2050 Ver.
610 2012 662 2051 Ven.
677 2010 722 2050 Ald.
737 2012 755 2051 1·
823 2031 825 2033 ’

2 2090 13 2107 .-
45 2053 212 2104 Bonpatteneta.
237 2060 305 2113 Vulgo
319 2070 389 2101 eutem
403 2064 437 2101 hic
451 2077 533 2111 versus,
552 2064 609 2101 cuius
622 2063 755 2101 emendatio-

3 2118 9 2140 ’.
45 2115 93 2142 nem
101 2108 228 2150 Wakefieldo
241 2113 351 2164 debemus,
370 2129 394 2154 ex
404 2115 541 2153 audacissimo
553 2116 657 2154 editorum
668 2115 754 2154 arbitrio

45 2154 74 2193 sic
85 2155 171 2207 legitur:
187 2168 210 2213 Q.
218 2180 241 2217 p.
252 2181 310 2218 quom
319 2178 374 2207 totos
382 2170 477 2207 ardentio
489 2171 572 2209 nocteis.

96 2210 151 2250 1181.
179 2216 232 2266 tum]
252 2217 298 2255 nid.
311 2221 327 2258 1.
341 2222 390 2257 Bon.
402 2231 462 2268 tunc,
481 2220 543 2257 Poor.
554 2219 603 2257 Brit.
615 2220 634 2258 1.
644 2220 691 2259 Ver.
703 2220 754 2258 Ven.

8 2271 10 2273 ’
46 2262 141 2314 0917111θί
152 2269 236 2316 quom),
250 2269 305 2320 quod
315 2272 386 2309 nescio
398 2271 504 2323 quomodo
515 2271 576 2311 Wak.
593 2271 701 2320 „fortasse
711 2282 754 2307 nie-

45 2307 102 2368 lnis‘}
115 2312 183 2353 dicere
193 2320 264 2368 possit.
291 2325 388 2362 Ceterum
398 2321 492 2363 vss'.1181
503 2346 529 2352 -
541 2326 597 2364 1188.
610 2330 632 2361 et
642 2323 680 2375 iP⁵i
691 2324 753 2359 ³M³'

46 2361 116 2398 crohio
126 2366 162 2414 Vl,
175 2370 194 2408 7.
207 2370 324 2413 laudantur.

89 2415 156 2476 1182..
178 2424 229 2459 lunt.
240 2424 332 2463 exhibet:
350 2427 468 2466 Perturbati
478 2430 552 2475 animi,
565 2441 620 2467 mens
632 2432 683 2474 eij
697 2422 752 2461 haud

46 2460 105 2500 dubie
123 2480 170 2517 quia
182 2473 248 2513 editor
263 2490 304 2515 non
318 2490 450 2531 concoquere
466 2480 535 2531 potuit
548 2479 691 2532 loquutionem
707 2477 752 2514 oni-
