1690 2654
219 97 260 136 AD
277 93 414 135 LIBRUM
430 94 576 133 SEXTUM.
709 89 757 133 537

42 206 110 247 aurit.
120 206 138 245 1.
155 204 196 241 boc
212 201 338 241 vocabulum
350 214 399 239 cnm
415 207 513 252 sequente
529 201 593 239 abest.
607 222 632 228 -—
641 198 753 254 frondeat]

41 262 116 310 fragm.
127 255 187 294 Vind.
203 256 251 293 Ver.
262 255 314 291 Ven.
328 254 403 306 fronde
412 269 449 302 oc,
470 264 534 303 quare
546 254 602 290 Voss.
613 253 666 290 coni.
675 252 756 302 fronde

41 308 195 354 hac—eoo]
213 307 243 343 sic
257 304 317 344 Wak.
331 305 423 342 restituit
438 317 449 341 e
466 305 517 342 Brit.
528 306 560 350 3.;
581 305 637 354 quod
658 305 755 353 supinum

43 359 165 411 comprobet
177 358 248 394 forma
259 368 357 402 comesta,
377 355 471 408 quamvis
487 354 631 392 contradicant
645 355 756 393 Diomedes

41 418 57 456 Ι.
67 428 87 464 p.
99 412 143 452 858.
160 416 181 448 et
195 408 293 448 Priscian.
305 422 325 458 p.
338 410 382 448 899.
398 410 439 458 (Χ,
451 409 469 447 5.
485 408 504 457 ἕ.
513 408 558 456 28.)
572 409 624 455 lunt,
642 413 663 446 et
676 407 721 445 Atd.
734 408 754 445 2.

44 480 117 519 aeque5
137 460 202 500 ceteri
217 473 289 498 omnes
307 472 377 499 exstet.
406 460 471 506 ‚,Sic‚
492 459 551 498 Wak.
567 459 646 509 inquit,
671 466 754 497 tentare

42 524 148 569 poteram,
163 513 199 549 sed
210 510 286 549 conatu
297 512 386 548 nimium
395 511 468 547 audaci
480 511 578 547 forsitan:
593 532 617 537 -
630 531 656 538 »-
669 514 723 563 qnod
733 514 755 549 in

43 572 97 608 orris
106 565 180 617 fedius
191 565 284 602 escstet:“
303 563 417 612 quodsane
429 562 526 599 audacius
536 563 597 600 foret.
623 563 689 614 Vulgo
706 575 754 600 cum

42 620 86 659 ΑΜ.
94 621 112 658 1.
124 623 144 654 et
152 619 202 654 Bon.
213 615 293 652 editur:
308 637 332 642 —
348 637 369 643 —
378 615 456 667 fronde
466 617 505 653 ltcc
516 616 570 667 quod
583 618 673 653 ostiarius
682 625 755 653 exstet.

93 667 136 709 974.
164 665 314 716 cinctrccinmn]
328 666 405 718 fragm.
415 665 473 704 und.
482 670 615 716 morticinum,
629 666 688 705 tunt.
699 669 755 706 Cant.

43 725 165 767 mariolum,
179 720 230 755 Brix.
243 722 360 765 cimericum,
377 720 423 755 Ver.
435 720 486 755 Veu.
498 723 601 765 moricum,
616 718 661 757 Ald.
676 722 692 759 1.
706 722 755 758 Bon.

43 775 180 815 umoricinum.
195 770 250 817 (tid.
260 772 290 818 ΙΙ,
303 770 359 819 847.)
374 769 433 808 Wak.
446 770 548 819 observat,
561 769 599 807 hos
611 782 681 808 versus
693 770 756 808 etiam

43 821 271 875 sicposseinterpungi:
285 827 312 860 D.
319 837 382 860 rimor·
390 824 472 874 fugitat
484 825 633 868 sns‚ettc'1net;
648 838 704 861 omne
714 825 757 860 Un-

43 888 138 931 guentum
149 890 195 914 num
205 890 220 914 s.
228 890 243 913 s.
252 889 296 915 cuv.
308 885 350 913 est:
364 874 400 911 sed
411 880 520 924 receptam
532 873 685 911 distinctionem
696 885 756 925 prae-

44 936 103 966 stare.

94 978 137 1018 975.
163 977 234 1027 subus]
248 978 301 1015 tter.
311 977 361 1015 Ven.
379 978 452 1024 sotiis,
473 976 530 1028 quod
546 983 617 1027 aperte
630 977 712 1016 senous
723 988 756 1014 or-

43 1037 99 1078 tum3
119 1028 166 1068 Brit.
177 1032 195 1069 1.
207 1032 255 1076 suis,
271 1029 319 1067 Brit.
330 1031 348 1068 3.
361 1031 435 1076 suibus,
449 1035 473 1065 ut
483 1031 505 1076 V,
515 1030 560 1068 968.
587 1031 627 1077 [De
640 1030 709 1066 forma
719 1044 756 1066 su.-

44 1084 91 1128 lnm,
105 1093 156 1132 quae
170 1082 225 1131 apud
240 1081 291 1119 aiios
302 1083 374 1131 poe'tas
389 1094 431 1118 uon
446 1080 549 1130 occurrit,
570 1081 625 1118 conf.
635 1080 755 1119 Schneider.

45 1135 80 1174 Gr.
90 1135 133 1170 Lat.
144 1135 167 1169 lt.
178 1146 199 1182 p.
210 1135 268 1182 268.)

94 1185 137 1224 977.
163 1186 278 1235 „coenurnj
292 1186 352 1222 Poor.
362 1184 411 1222 urit.
424 1185 441 1224 1.
453 1186 522 1227 went,-
539 1182 662 1229 neumate,
683 1183 719 1221 sed
732 1195 756 1221 er

20 1268 22 1270 .
44 1242 174 1286 correctore,
190 1242 214 1273 ut
228 1242 310 1286 putem:
330 1248 369 1273 nec
384 1235 472 1287 vulgatis
489 1235 583 1273 dissentit
598 1236 677 1273 Nonius
692 1238 756 1273 Marc.

43 1290 74 1335 IV,
84 1286 128 1327 425.
149 1287 197 1338 [qui
213 1288 269 1325 hunc
287 1300 370 1325 versum
384 1301 432 1326 cum
446 1287 514 1337 prima
530 1300 581 1325 voce
591 1286 695 1338 sequentis
712 1286 756 1325 sine

43 1339 87 1376 ulia
97 1338 196 1376 varietate
208 1340 287 1389 affert]
295 1341 309 1361 “
323 1343 354 1379 W
357 1343 394 1379 ak.

94 1392 138 1429 978.
166 1392 233 1430 suibus
248 1392 395 1439 lzcecmunclc]
409 1390 438 1428 sic
454 1390 513 1428 Wak.
531 1390 605 1440 edidit,
627 1402 690 1441 quem
707 1402 756 1429 cuttl

43 1440 118 1480 Eicbst.
129 1449 227 1492 sequutus
240 1455 297 1488 sum,
313 1456 377 1494 quum
389 1443 425 1479 has
437 1443 549 1490 lectiones,
563 1455 613 1493 quas
627 1442 756 1492 optimorum

45 1492 109 1531 Codd.
122 1496 236 1543 scripturae
246 1494 341 1541 inuuunt,
350 1495 392 1531 iam
404 1495 429 1532 ab
442 1494 487 1533 Aid.
494 1497 513 1533 2.
524 1496 622 1531 exhibitas
632 1494 756 1535 invenerim.

44 1546 116 1583 Scitne
127 1552 210 1594 praeter
226 1546 281 1584 hanc
298 1546 346 1585 edit.
360 1547 452 1584 defendit
468 1546 526 1583 locus
537 1549 559 1593 V,
571 1548 626 1591 968.;
645 1547 693 1585 Ver.
705 1547 755 1583 Ven.

44 1601 65 1632 et
73 1594 107 1633 hic
115 1599 190 1645 endiis,
204 1599 268 1635 ceteri
281 1611 352 1636 omnes
363 1601 429 1639 subus.
443 1619 467 1626 -
480 1601 530 1637 hoec
543 1601 632 1643 utendo]
647 1599 693 1634 Ver.
704 1598 755 1635 ven.

43 1649 93 1685 haec
105 1650 195 1697 minnela,
210 1650 266 1700 quod
277 1650 334 1688 idem
345 1657 386 1699 est,
401 1652 458 1687 Poor.
471 1651 519 1687 ssrit.
533 1653 550 1690 1.
562 1652 664 1688 boeotum
672 1651 755 1698 mitada,

42 1698 107 1749 Lugd.
121 1701 138 1737 1.
151 1703 200 1739 taen
210 1705 304 1751 civumla,
318 1702 366 1739 Brit.
379 1704 397 1741 3.
409 1702 453 1740 Ald.
466 1704 485 1741 1.
497 1704 549 1741 Bou.
562 1706 614 1740 lunt.
625 1704 676 1740 haec
686 1703 756 1739 iucun-

44 1752 77 1788 da.
102 1750 167 1801 Vulgo
180 1752 247 1790 editur
255 1756 316 1793 subus
325 1757 375 1793 liceo
385 1770 417 1793 res
427 1757 507 1800 munda,
522 1766 533 1791 e
543 1753 639 1792 Lambini
650 1752 757 1790 coniectu-

43 1813 79 1847 ra,
94 1802 129 1853 qui
145 1804 206 1841 simul
218 1805 325 1855 optionem
341 1806 376 1843 dat
390 1805 445 1844 inter
457 1807 511 1843 hanc
521 1813 541 1844 ct
556 1806 606 1842 alias
617 1805 677 1857 duas:
696 1805 756 1843 subus
785 1810 787 1813 '

44 1868 76 1891 res
86 1855 135 1892 hoec
145 1871 181 1902 m„
194 1856 229 1894 vel
238 1859 307 1896 suibus
317 1875 349 1896 res
360 1874 399 1901 m.;
419 1858 456 1895 sed
466 1874 498 1896 res
507 1858 528 1894 in
539 1857 597 1895 nullo
608 1856 663 1893 libro
676 1854 756 1893 inveni-

44 1909 84 1941 tur.
112 1907 196 1947 Creecb.
212 1909 288 1958 probat
302 1911 429 1960 scripturam
444 1911 503 1948 archus
518 1912 568 1948 hoec
584 1911 685 1951 incnnda;
705 1909 756 1946 Hav.

44 1967 92 1992 vero
103 1958 136 1993 vet
143 1961 212 1997 suibus
220 1963 270 1999 liceo
281 1964 356 2000 inuncta
366 1964 403 2011 (ut
414 1962 536 2011 edidimus),
552 1959 586 1998 vel
596 1961 656 1999 subus
666 1961 716 1999 boec
727 1961 757 1998 sic

44 2010 119 2046 munda
129 2008 242 2061 legendum
252 2020 328 2050 censet.

95 2060 138 2098 987.
165 2064 206 2100 alio
219 2085 245 2091 —
258 2065 349 2117 alioque]
371 2065 404 2113 ‚‚i.
417 2065 539 2104 ciuilium
555 2064 637 2110 locum,
651 2060 684 2099 vel
699 2060 756 2099 atiud

45 2120 108 2167 genus
120 2111 238 2163 foraminis5
246 2115 259 2136 “
280 2123 303 2153 ut
315 2117 374 2155 Wak.
385 2118 484 2166 explicat,
499 2116 534 2167 qui
545 2117 600 2153 hanc
609 2114 722 2152 lectionem
733 2125 756 2151 en

45 2162 139 2199 omnibus
153 2163 211 2202 tibris
227 2169 339 2207 revocavit.
371 2169 437 2221 Vulgo
450 2171 493 2208 clio
507 2190 531 2196 -
545 2170 638 2221 aliaque,
659 2177 756 2216 esuper-

45 2210 88 2249 flua
98 2213 192 2253 Lambini
202 2220 323 2258 mutatione.
365 2212 371 2220 ⁸

94 2264 138 2304 988.
165 2269 233 2315 „Post
246 2269 303 2309 hunc
319 2284 402 2310 versum
417 2285 449 2311 vv.
463 2270 562 2312 estest
581 2270 605 2321 [i.
622 2281 638 2307 e.
651 2268 695 2309 995.
711 2270 755 2308 996.

45 2319 126 2370 nostrae
141 2318 200 2369 edit]
216 2322 348 2361 collocantur
363 2324 385 2362 in
401 2327 450 2362 Bon.
466 2324 524 2361 Vind.
542 2326 589 2360 Ver.
604 2322 680 2372 fragm.
697 2320 755 2357 vind.

45 2363 153 2425 Brit'133.
166 2372 234 2420 Cant,
253 2387 318 2425 aeque
330 2376 394 2424 beue3
413 2383 475 2427 atque
486 2377 508 2413 in
518 2389 553 2414 sex
564 2372 710 2425 posterioribus
722 2383 755 2407 ex-

47 2415 170 2470 eruptanbus
180 2435 216 2461 suo
226 2425 274 2463 Ioco
285 2434 416 2476 repetuntur.
443 2429 484 2465 Nos
495 2429 601 2478 sequimur
609 2423 686 2474 Lugdd.
693 2422 755 2463 codd.

47 2476 76 2503 sic
86 2479 184 2518 ponentes
195 2488 213 2514 v.
223 2478 268 2518 995.
280 2478 349 2531 [996,],
360 2481 396 2533 qui
407 2493 424 2520 t.
436 2481 482 2521 988.
494 2487 525 2519 est
535 2478 652 2531 vulgarium
664 2473 720 2514 editt.
734 2480 756 2512 et
