1690 2654
292 40 459 114 arenant.

76 184 195 235 corpoream
206 183 262 225 docet
275 190 330 224 esse:⁴
339 184 375 223 ubi
385 183 437 224 enim
447 183 557 235 propellere
568 182 665 232 membra,

76 237 183 287 Corripere,
195 250 219 275 ex
225 250 296 275 somno
309 249 386 286 eorpus,
398 239 514 285 mutareque
524 237 607 282 voltum,
648 245 651 249 '

76 289 140 338 Atque
151 289 251 327 hominem
261 292 324 326 totum
334 301 404 338 regere
414 300 437 325 ae
448 300 530 326 versare
542 288 630 327 videtur:

76 341 166 389 Quorum
177 339 206 377 nil
214 339 261 378 -fieri
272 339 313 377 sine
323 344 377 377 tactu
387 352 445 389 posse
454 338 554 387 videmus,
618 386 620 389 y

76 392 117 430 Nee
124 395 200 429 tactum
209 398 270 440 'porro
282 391 324 428 sine
335 403 426 439 eorpore;
438 403 502 428 nonne
511 392 613 430 fatendum
622 394 658 441 est,

77 444 176 492 Corporea
185 448 255 486 natura
264 443 351 480 animum
362 446 450 480 constare
461 441 602 491 animamque?

102 495 208 532 Praeterea
215 494 289 542 pariter
300 494 358 545 fungi
369 508 413 532 eum
426 507 507 543 corpore
519 497 539 531 et
546 506 586 533 rana

77 545 190 585 Consentire
199 546 352 590 animumnobis
362 546 382 583 in
393 558 474 595 corpore
485 546 553 585 cernis.

77 598 101 638 Si
111 596 176 636 minus
189 596 270 635 offendit
280 598 341 644 vitam
351 598 381 636 vis
393 598 475 636 horrida
486 598 527 647 teli,
549 625 551 629 ,

77 649 157 689 Ossibus
169 662 193 688 ae
203 649 267 687 nervis
280 650 375 697 disclusis,
388 650 439 688 intus
450 650 532 696 adacta3

76 703 103 741 nt
112 705 178 749 tamen
188 701 296 751 insequitur
303 703 388 752 languor
399 707 501 751 terraeque
510 700 582 751 petitus

77 753 155 800 Suavis,
166 757 188 791 ,et
199 753 220 790 in
232 759 284 791 terra
293 753 407 803 mentis'qui
418 754 507 804 gignitur
519 758 590 799 aestus,

76 805 215 854 Interdumque
225 805 281 854 quasi
291 805 408 855 exsurgendi
418 806 493 843 ineerta
502 806 599 844 noluntas,
700 801 741 843 115

78 858 134 907 Ergo
143 869 258 906 corpoream
267 861 361 895 naturam
368 857 429 895 animi
443 870 490 906 esse,
504 869 582 895 neeesse
593 858 630 902 est3

78 908 181 958 Corporeis
191 908 282 956 quoniam
294 909 338 947 telis
345 909 423 956 ictuque
434 910 519 947 laborat.
544 926 545 929 ¹

103 960 122 998 Is
133 960 169 997 tibi
180 973 231 998 nune
241 960 318 999 animus
326 960 416 1012 qualisit
424 973 512 1008 corpore,
526 963 545 998 et
555 959 607 998 unde

78 1011 197 1057 Constiterit
210 1023 292 1062 pergam
303 1012 399 1050 rationem
413 1013 494 1049 reddere
506 1012 569 1049 dietis.
594 1022 596 1025 ’

102 1062 203 1112 Principio
214 1075 256 1101 esse
264 1063 301 1100 -aio
310 1063 444 1113 persubtilem,
451 1060 516 1112 'atque
526 1062 607 1101 minutis
702 1059 741 1100 1811

77 1115 176 1162 Perqaam
186 1114 299 1161 corporibus
309 1116 384 1153 laetum
394 1114 494 1154 onustare:
508 1115 529 1153 id
541 1114 569 1152 ita
579 1112 639 1160 esses

78 1165 137 1211 Hine,
149 1165 195 1203 lieet
206 1166 298 1203 advortas
311 1166 405 1214 animum,
419 1162 565 1217 ut'perooseere
575 1165 643 1216 possis.

78 1217 113 1259 Nil
122 1216 171 1254 adeo
181 1217 226 1254 fieri
240 1218 299 1255 eeleri
312 1219 389 1256 ratione
398 1218 482 1264 videtur,

79 1269 145 1317 Quam
155 1268 172 1306 si
179 1281 232 1306 mens
242 1269 286 1306 fieri
294 1271 391 1318 proponit,
399 1268 419 1307 et
429 1271 509 1308 inelront
516 1269 565 1318 ipsa.

79 1320 138 1359 Ocius
148 1332 195 1371 ergo
205 1320 287 1366 animus,
301 1321 361 1370 quom
371 1335 402 1360 res
413 1335 434 1373 se
443 1323 516 1371 perciet
525 1322 573 1368 ulla,

79 1373 130 1410 Ante
138 1374 203 1410 oeulos
215 1385 298 1421 qnorum
307 1374 329 1410 in
340 1376 419 1422 promtu
428 1379 498 1411 natura
509 1374 592 1410 ridetur.

79 1424 112 1471 At,
125 1425 176 1471 quod
187 1425 260 1462 mobile
270 1428 370 1473 tantopere
378 1429 412 1471 est,
426 1429 513 1463 constare
520 1423 609 1462 rotundis

79 1475 177 1523 Perqnam
188 1477 293 1526 seminibus
304 1478 360 1515 debet
370 1476 502 1527 perquamque
513 1475 605 1521 minntis3

80 1526 169 1565 oramine
181 1528 211 1565 nti
219 1540 281 1577 parvo
295 1528 368 1577 possint
379 1530 463 1577 impulsa
474 1527 557 1567 moveri,

80 1577 169 1627 Namque
179 1584 268 1629 movetur
279 1592 336 1629 aqna,
350 1583 369 1617 et
379 1581 454 1619 tantillo
467 1580 554 1617 momine
563 1577 627 1624 flutat,
675 1617 679 1622 ,
703 1589 705 1592 ’

80 1629 157 1679 Quippe
167 1631 286 1669 volubilibus
298 1632 402 1681 parvisque
414 1635 480 1670 ereata
494 1630 571 1682 figuris.

81 1681 106 1718 At
117 1683 257 1721 contra-menis
268 1684 385 1721 constantior
397 1688 425 1721 est
436 1687 512 1731 natura,

80 1732 106 1770 Et
114 1732 178 1783 pigrei
187 1734 257 1772 latiees
266 1736 338 1785 magis,
352 1740 374 1780 et,
381 1735 500 1774 eonetantior
511 1737 572 1773 actus.

81 1783 157 1822 Haeret
167 1785 219 1822 enim
231 1786 281 1823 inter
289 1800 310 1823 se
318 1787 385 1836 tnagis
394 1787 457 1824 omnis
468 1785 559 1824 materiai

82 1834 155 1884 Copia3
168 1836 262 1880 nimirum
271 1838 317 1885 qnia
327 1850 366 1875 uon
376 1845 415 1876 tam
427 1837 572 1876 letibus'exstat

82 1885 206 1941 cerporibus,
218 1901 281 1937 neque
291 1894 332 1927 tam
342 1890 446 1928 subtilibus
456 1892 514 1937 atque
522 1886 617 1926 rotundis.

81 1936 170 1987 bamque
180 1940 290 1989 papaveris,
305 1953 354 1979 aura
362 1946 523 1990 potestsuspensa
538 1939 625 1988 levisque

82 1988 163 2040 Cogere,
176 1995 199 2028 ut
212 1993 237 2029 ab
249 2004 324 2030 summo
335 1992 372 2029 tibi
380 1992 457 2030 diffluat
466 1993 518 2030 altus
528 2003 621 2037 acervns;

52 2088 54 2091 v
82 2039 107 2094 At
118 2046 184 2080 eontra
195 2043 283 2092 lapidum
292 2043 402 2082 eonieetum
414 2044 551 2093 spiearumque

82 2090 137 2129 lleuu
145 2098 220 2142 potest:
230 2094 293 2145 igitur
302 2095 508 2145 parvissima'eorpora
519 2107 554 2144 pro
568 2105 627 2143 quam

81 2142 107 2179 Et
114 2144 213 2184 levissima
223 2149 273 2192 sunt,
286 2146 314 2184 ita
323 2148 434 2185 mobilitate
443 2148 541 2184 fruuntur.

38 2224 40 2226 .
80 2192 107 2230 nt
118 2200 190 2245 eontra,
205 2210 353 2247 quaequomque
364 2198 429 2247 magis
441 2210 487 2235 eum
497 2198 582 2246 pondere
593 2209 666 2248 magno

79 2243 192 2295 Asperaque
200 2249 330 2297 inveniuntur,
343 2262 366 2287 eo
378 2249 464 2287 stabilita
474 2250 539 2299 magis
551 2254 608 2287 111111,ι

105 2296 162 2334 Nune
171 2299 240 2349 igitur,
253 2301 346 2348 quoniam
356 2304 385 2339 est
394 2300 455 2338 animi
464 2303 534 2338 natura
542 2302 621 2348 reperta

80 2344 160 2385 Mobilis
171 2352 257 2400 egregie,
268 2364 363 2401 perquam
376 2356 464 2390 constare
474 2364 551 2389 neeesse
562 2356 591 2390 est

81 2396 199 2446 Corporibus
207 2402 273 2450 parvis
281 2407 300 2441 et
310 2404 387 2442 levibus
399 2408 457 2453 atque
467 2403 562 2441 rotundis.

23 2453 26 2459 ’
81 2446 138 2496 Quae
151 2451 189 2489 tibi
200 2454 322 2504 cognitores
334 2455 355 2493 iu
366 2455 440 2503 multis,
454 2468 465 2494 o
477 2456 534 2501 bone,
548 2454 606 2492 rebus
