1690 2654
253 92 293 133 AD
309 90 440 132 LIBRUM
457 91 600 134 SEXTUM.
738 87 786 135 593

123 201 168 246 544.
196 218 237 253 „su
252 200 311 251 erne]
332 201 392 242 Poor.
404 201 452 241 Brit.
465 204 484 243 1.
503 201 667 253 [Atd.1.]uon.
683 215 785 255 supernam

71 256 107 294 sed
118 257 164 293 vide
175 258 208 305 IV,
219 218 264 294 441.
284 251 339 303 [440.
355 260 437 292 nostrae
448 255 491 305 ed]
507 261 528 292 et
542 254 597 292 conf.
610 254 679 295 Benu.
696 254 723 292 ad
734 256 784 292 Hor.

72 308 108 346 ou.
119 309 147 351 u,
160 310 192 357 uo,
206 309 253 346 un
275 308 349 345 ursus.

122 358 167 400 547.
193 357 321 409 disserpunt]
339 357 397 399 Rodl.
413 358 473 399 vind.
489 361 549 396 Poor.
564 358 640 398 orius.
652 359 671 399 3.
689 359 747 397 Gant.
763 363 784 396 et

72 418 160 450 cunctae
168 410 225 447 editt.
237 415 286 449 vett.
297 416 381 459 praeter
391 410 437 449 old.
448 412 467 450 2.
481 414 602 463 discerpunt.

122 459 167 501 548.
192 463 292 513 plaustris
307 461 427 512 scripsimus
449 474 497 499 cum
514 463 609 499 omnihus
624 460 684 498 libris
699 461 746 499 Mss.
763 467 785 498 et

72 513 129 550 editt.
142 517 190 549 vett.
200 512 338 563 vulgatisque.
358 513 418 552 Wak.
432 513 545 561 (Eichst.)‚
559 514 586 552 ad
593 513 656 552 Prisc.
669 516 683 561 l,
694 515 712 552 9.
722 516 738 558 b.
750 514 783 553 52.

72 567 104 613 (p.
115 565 183 611 552),
204 563 285 602 Catonis
303 564 369 602 Codd.
387 566 460 614 [R.‘R.
473 566 519 604 ε.2.
532 567 562 605 10.
578 565 620 613 62]
642 563 683 602 Cic.
697 566 756 602 Verr.
767 569 783 614 I,
838 586 839 589 =

71 617 102 657 20.
112 621 133 652 et
144 627 218 652 vocem
226 618 341 669 plostellum
351 628 473 666 provocans,
486 620 571 668 plostris
582 616 653 654 edidit.
678 618 742 654 Recte
754 622 785 653 ta-

70 679 119 704 men
136 667 232 705 Schneid.
248 669 283 706 Gr.
294 669 339 708 Lat.
350 671 365 708 Ι.
374 682 395 719 p.
408 671 434 709 59
446 683 461 707 s.
480 668 575 707 docuisse
590 668 684 716 videtur,
704 674 783 706 utram-

71 731 111 769 que
121 719 313 769 pronuntiationem
324 726 346 758 et
357 732 421 759 aurea
430 727 499 759 aetate
508 721 570 759 simul
580 720 707 766 adhibitam,
724 720 784 759 illam

71 782 119 808 vero
130 769 259 808 usitatiorem
269 771 338 819 inisse.
352 772 411 811 Cous.
419 772 483 810 etiam
494 776 577 812 sueton.
582 773 680 823 Vespffi.
692 772 785 822 (Schnei-

71 821 121 859 dero
133 834 176 859 non
191 822 309 873 neglectus)
325 823 396 874 ibique
406 825 503 871 casaub,
523 831 545 877 et
554 825 647 862 Sclseffer
663 824 689 861 de
704 837 727 862 re
737 824 785 863 veh.

70 876 100 920 Il,
116 875 146 913 19.
161 886 181 923 p·
197 871 235 913 243
248 887 264 911 ⁵.
277 896 302 903 -
316 876 447 925 tremescunt]
467 878 546 924 „Poor.
563 876 623 917 Vind.
642 876 718 926 [Brix.]
736 880 784 917 Ver.

73 924 149 975 [Ven]
169 936 300 965 tremescunt.-
319 926 410 974 rectius,
428 934 451 965 ut
466 928 562 966 arbitror.
591 928 624 966 Sic
638 927 785 966 onomasticon

71 976 189 1028 antiquum:
206 981 315 1025 Tremeseo,
324 976 397 1030 τρέμω.
410 981 482 1031 Neque
490 980 549 1017 aliter
561 980 631 1030 plures
641 986 703 1031 atque
713 991 785 1018 emen-

73 1028 162 1066 datiores
178 1028 227 1066 libri
242 1030 269 1067 ad
286 1031 342 1081 Virg.
353 1035 402 1068 Aen.
415 1034 452 1077 ΙΠ,
465 1030 509 1072 648.
523 1034 547 1082 V,
558 1031 603 1072 694.
629 1033 707 1070 Noster
721 1032 785 1070 etiam

68 1080 163 1132 fervesco
181 1080 236 1129 [ΙΙΙ,
253 1083 298 1121 290,
309 1080 354 1122 493.
368 1085 403 1132 IV,
413 1083 457 1132 428.
472 1084 536 1133 etc.]:
556 1092 577 1121 et
592 1083 665 1121 eadent
680 1084 751 1122 forma
761 1084 785 1121 in

72 1131 152 1169 maiore
163 1134 369 1172 numeroverborum
380 1135 701 1186 hocgenusvideturobtinere.“
713 1139 744 1174 W
745 1139 784 1175 alc.

71 1183 104 1220 Sic
114 1183 178 1234 igitur
190 1184 243 1235 typis
253 1186 413 1224 exscribendum
426 1188 509 1236 curavi,
524 1188 618 1239 cogitans
632 1187 694 1224 simui
705 1187 730 1224 de
739 1200 784 1225 ver·

70 1234 102 1273 bis
113 1238 205 1285 cleu-ere,
220 1238 335 1287 coalescere,
350 1238 376 1276 ab
388 1241 443 1278 uldre
459 1239 559 1283 deductis,
573 1239 599 1276 de
609 1241 700 1285 olesoere,
714 1241 784 1279 obole-

70 1301 135 1335 scere,
149 1289 266 1337 exolescere,
281 1293 400 1336 adolescere,
415 1303 468 1342 quae
480 1291 559 1340 pariter
570 1304 613 1328 non
628 1291 654 1328 ab
668 1293 732 1339 ole're,
746 1291 783 1328 sed

70 1350 83 1375 a
92 1340 155 1375 verbo
166 1340 257 1390 quodam
269 1342 363 1381 obsoleto
376 1345 440 1389 olere,
457 1355 505 1381 cum
517 1344 572 1382 aldre
582 1348 683 1394 cognato,
702 1342 783 1381 deriva-

70 1395 92 1426 ta
104 1396 167 1440 puto,
181 1391 274 1442 aliisque.

121 1439 166 1482 549.
192 1447 246 1483 uiam
255 1445 350 1499 propter]
366 1445 412 1486 Vid.
424 1444 450 1486 ad
462 1446 477 1496 I,
488 1443 533 1487 841.
545 1449 570 1497 Il,
580 1446 625 1487 731·
639 1448 674 1495 111,
686 1446 731 1487 851.
745 1446 781 1495 IV,

19 1523 22 1525 —
71 1495 126 1533 1021.
140 1501 181 1532 etc.

121 1546 166 1585 550.
192 1547 267 1585 Versus
277 1548 457 1599 corruptissimus,
477 1561 539 1601 quem
550 1548 697 1588 Wabeooni.
709 1549 781 1598 edidit,

64 1602 94 1633 vut
103 1610 141 1634 nos
158 1611 206 1637 cum
216 1612 241 1637 eo
252 1601 460 1649 repraesentavimus.
487 1601 544 1640 Libri
560 1608 641 1640 veteres
650 1602 679 1640 sic
689 1601 781 1640 variant:

71 1648 120 1687 Cod.
130 1650 214 1690 Momm.
224 1652 332 1701 Lambini,
346 1654 411 1705 Lugd.
424 1656 443 1694 1.
453 1655 474 1705 2,
484 1653 545 1696 Vind.
562 1660 583 1691 et
597 1654 648 1705 (pro
659 1667 703 1693 var.
718 1653 781 1703 lect.)

70 1701 126 1738 Cant.
137 1705 250 1742 exultantes
264 1707 340 1757 dupuis
350 1721 427 1759 cunque
444 1710 495 1755 uim,
514 1706 566 1743 Brix.
579 1709 694 1746 exultantes
709 1708 782 1760 dupnt's

70 1767 146 1806 cunque
158 1757 213 1801 uini,
231 1755 288 1796 Bodl.
299 1758 343 1796 Ver.
355 1759 405 1797 Ven.
419 1759 534 1797 exultantes
547 1760 621 1811 (lupius
636 1774 718 1812 cumque
733 1760 781 1808 uiri,

70 1804 119 1844 Brit.
131 1806 149 1844 1.
160 1809 276 1857 exsultans,
295 1809 368 1846 ceteris
378 1809 471 1860 omissis,
489 1809 538 1849 Brit.
550 1812 569 1850 3.
585 1812 679 1849 exultant
693 1812 783 1862 duplices

71 1857 198 1910 luscumque
209 1862 300 1908 uierunt,
321 1862 381 1900 Poor.
395 1863 452 1900 Cant.
463 1864 557 1901 exultant
573 1864 607 1902 ubi
618 1877 688 1901 currus
700 1877 783 1914 cumque

71 1922 141 1959 equum
150 1913 178 1957 zu',
191 1910 236 1949 Ald.
247 1913 266 1952 1.
277 1914 327 1953 Bon.
339 1914 454 1953 exultantia
465 1925 520 1962 sunt,
529 1914 596 1966 fortis
606 1929 666 1967 quum
679 1914 714 1952 ubi
727 1915 782 1962 (non

71 1960 120 2005 riui)
139 1976 210 2013 equurn
224 1966 266 2010 uis,
285 1967 338 2002 lunt.
351 1964 395 2003 Ald.
408 1966 427 2005 2.
443 1968 548 2012 exultant,
569 1968 603 2006 ubi
618 1981 689 2005 currus
699 1980 782 2018 cumque

71 2014 159 2062 equitum
171 2016 198 2052 ui.
227 2016 294 2067 Vulgo
306 2016 375 2054 editur
386 2029 397 2054 e
408 2017 480 2056 Lamb.
492 2017 546 2056 coni.
558 2019 672 2065 exsultant,
691 2019 725 2057 uhi
734 2033 781 2056 cur-

70 2076 104 2100 rus
110 2065 172 2111 fortis
183 2065 252 2118 equdrn
262 2071 306 2114 uis‚·
325 2071 375 2108 Hau.
387 2068 532 2120 suspicabatur
542 2073 652 2119 exsultant,
667 2070 701 2108 ubi
712 2083 782 2108 currus

71 2128 147 2165 cunque
157 2127 177 2155 et
185 2118 255 2171 equdm
266 2123 311 2167 υἷες
334 2120 395 2167 Wak.
406 2128 489 2172 praeter
503 2128 611 2172 receptam
620 2121 657 2159 has
673 2120 782 2172 proposuit

69 2162 180 2206 lectiones:
200 2173 315 2222 exsultant,
337 2168 428 2225 duplices
444 2176 575 2227 ubiquumque
591 2175 632 2213 uiri
648 2173 780 2222 (veluirrbn)

69 2219 111 2261 '²125'
121 2225 156 2278 ¹et:
171 2224 285 2273 exsultant,
300 2241 371 2264 currus
379 2227 512 2278 ubiquornpue
523 2230 616 2272 uiarum,¹
634 2225 710 2263 Eichst.
724 2224 782 2263 deni-

36 2308 39 2313 ,
70 2279 141 2327 quem
151 2279 270 2314 contentum
281 2277 362 2327 recepit
375 2279 516 2315 coniecturam
530 2281 634 2317 essulrunt
645 2289 710 2325 aestu,
722 2292 781 2331 quum

65 2319 131 2379 fortis
144 2339 214 2382 equum
224 2330 260 2366 vis.
288 2329 331 2366 Nos
342 2329 439 2367 meliores
450 2329 512 2367 Codd.
525 2337 656 2382 exspectare,
675 2342 738 2382 quam
748 2334 780 2365 tot

70 2373 161 2419 pericula
171 2385 251 2417 mcerta
263 2380 321 2417 novis
332 2393 408 2433 augere
418 2382 537 2419 maluimus.

120 2425 175 2485 552.Ι
193 2431 239 2479 ubi}
260 2433 320 2472 Ceut.
334 2437 371 2472 uti.
384 2455 410 2462 —
429 2450 515 2487 magnos
530 2435 563 2485 in]
581 2437 642 2473 Poor.
659 2432 707 2470 Brit.
725 2433 742 2470 1.
758 2432 777 2470 3.

71 2472 126 2511 Cant.
143 2480 194 2517 Bnn.
212 2482 258 2521 Ver.
270 2485 321 2523 Ven.
339 2488 361 2525 iu
376 2476 474 2539 maguus,⁴
491 2499 504 2525 a
518 2487 584 2540 Lugd.
596 2490 615 2527 1.
624 2487 644 2525 2.
659 2488 681 2525 in
694 2495 778 2535 prorsus
