1690 2654
224 124 265 163 ΑΙ)
281 117 418 161 LIBRUM
435 119 601 170 QUINTUM.
728 116 776 163 457

57 245 121 284 qtrare
142 231 203 274 Wak.
221 207 352 269 ciinfidenter
371 228 505 280 pronuntiat,
525 226 648 268 Lucretium
667 227 775 280 scripsisse

56 288 162 325 Fulmineo
175 307 201 314 -
211 286 283 337 plaga.

108 351 165 389 1220.
194 349 304 388 Contremit
312 369 324 376 -
336 369 347 377 -
357 345 473 397 murmura]
488 344 538 384 ssrit.
548 346 567 386 2.
582 347 683 387 Conterrit
692 370 705 377 -
714 371 726 377 -
736 363 775 387 nu-

56 402 114 447 bila,'
127 400 233 437 mendose.
454 420 456 422 ·
543 408 545 410 ’
563 403 567 406 ’
813 435 815 438 ,

109 454 165 491 ῙΞΞΙ.
192 451 252 501 Iton]
272 450 321 488 Brit.
339 452 358 490 2.
375 451 439 496 Ναπις
460 462 520 498 „uec
535 449 655 500 absurde,“
672 458 696 489 ut
712 452 773 492 Wak.

57 510 134 543 censet,
161 503 258 554 Vulgaris
267 509 338 541 tamen
349 502 412 553 longe
422 501 581 552 significantior.

108 555 165 594 1292.
194 556 324 608 Corripiont]
348 554 401 591 Brlx.
423 557 536 604 Corripuit,
560 552 645 603 quidam
660 554 690 591 Pii
707 556 773 594 Codd.

57 611 173 657 Correpunt.
188 628 214 634 -—
225 609 326 657 perculsei
331 606 338 656 ]
352 606 382 643 sic
390 605 450 644 uodl.
461 605 521 646 Vind.
530 606 593 655 Poor.
603 606 651 642 Brit.
661 607 679 645 1.
690 608 709 645 Ξ.
721 610 774 647 lunt.

55 658 101 696 Ald.
112 661 143 707 2,
158 671 210 709 quos
218 660 279 698 Wak.
291 671 340 697 cum
349 657 435 708 reliquis
446 657 559 695 editoribus
568 655 670 708 'sequutus
681 665 724 706 est‚‘
736 672 775 697 nos

55 710 163 748 remittens
176 711 203 748 ad
214 712 235 757 Ι,
249 713 280 752 13.
300 711 369 748 Heius.
382 710 409 748 ad
421 710 477 762 Virg.
490 713 540 748 Aen.
551 713 570 760 l,
584 710 629 750 513.
646 716 666 748 et
682 712 775 753 oudend.

56 762 83 800 ad
91 763 169 802 Lucan.
182 765 197 811 I,
208 760 266 812 lem
281 764 345 801 ceteri
356 762 405 800 libri
414 766 512 815 percussi.

108 816 165 854 1223.
193 817 250 858 Ne·
264 838 276 845 -
289 814 413 864 admissum]
434 815 495 851 Poor.
510 815 554 854 Nec
567 836 580 843 -
594 836 607 843 -
621 816 723 855 omissum.

108 866 165 906 1224.
192 871 307 906 Poenorum
324 888 336 895 -
347 888 359 896 -
376 868 471 906 solvundi
486 865 575 917 tempus]
596 865 659 903 Plura
673 868 775 918 exemplo,

56 918 92 956 uhi
103 917 205 970 gerundia
213 919 236 956 in
248 921 269 957 cli
280 918 395 970 genitivum
409 917 495 967 pluralis
509 930 547 967 pro
562 918 680 956 accusativo
696 920 776 957 admit-

56 976 112 1019 tunt‚
128 971 217 1009 collecta
232 971 302 1008 videas
316 970 579 1009 aRuddlm.1nst.·Gr.n‚
591 982 611 1019 p.
623 968 668 1009 245.
684 994 706 1000 -
722 975 776 1010 eclo-

57 1033 109 1061 ctum
119 1022 210 1074 vulgaris
220 1029 250 1060 est
259 1023 336 1072 lectio,
351 1035 363 1060 a
373 1022 468 1073 plurimis
477 1021 535 1059 libris
543 1021 686 1070 suppeditata,
700 1023 722 1061 in
735 1038 776 1074 qua

56 1074 125 1112 nescio
138 1088 175 1112 cur
184 1075 312 1113 recentiores
323 1075 412 1112 editores
421 1074 554 1112 offenderint.
568 1073 693 1118 Wali.eni1n
704 1076 776 1126 (quern

55 1125 131 1164 Eichst.
142 1128 244 1177 sequitur)
259 1139 271 1164 e
281 1127 326 1165 solo
338 1129 395 1165 Cant.
411 1126 454 1175 (cui
464 1132 535 1163 tamen
544 1129 592 1166 Ver.
603 1132 623 1163 et
636 1127 686 1167 Ven.
698 1128 776 1166 addere

56 1178 158 1228 potuisset
163 1181 177 1228 ‚>
191 1179 256 1216 edidit
273 1183 300 1219 ad
315 1190 408 1224 auctum,
420 1178 434 1216 il
447 1191 464 1216 e.
480 1206 493 1226 ‚,
501 1178 527 1215 ad
537 1177 622 1228 plenam
632 1179 776 1219 maturitatem

56 1243 116 1267 suam
126 1232 262 1281 perductum3
271 1233 285 1254 “
300 1231 361 1281 Orell.
372 1243 423 1269 vero
435 1242 446 1267 e
459 1231 511 1267 Brix.
525 1233 552 1269 od
563 1242 641 1276 actum,
655 1230 707 1269 haec
724 1233 776 1270 adii-

57 1281 124 1320 ciens:
138 1283 252 1334 „intellige
258 1283 426 1335 forensemsqui
438 1282 579 1320 communiter
592 1282 667 1319 dicitur
677 1294 736 1322 actus
744 1302 776 1323 re-

56 1350 113 1381 rum,
127 1347 188 1386 saepe
206 1335 232 1373 de
248 1335 330 1373 iudiciis
351 1333 482 1382 exercendis,
495 1347 515 1372 v.
532 1347 551 1371 c.
566 1335 622 1373 Suet.
635 1334 686 1373 Ner.
700 1337 775 1384 c.17.;

57 1389 84 1425 ad
99 1393 170 1425 autem
185 1393 273 1438 tempus*
283 1388 368 1425 denotat
381 1385 531 1437 propinquum.
539 1388 553 1407 “
580 1386 643 1423 Recte
655 1399 705 1424 vero
717 1389 776 1429 Orel·

56 1437 79 1475 lii
90 1441 167 1477 Censor
177 1443 231 1486 len,
246 1439 281 1490 qui
292 1446 313 1477 et
322 1439 367 1489 ipse
378 1438 485 1489 vulgatam
497 1436 602 1486 defendit,
617 1439 710 1488 quaerit,
725 1441 776 1491 quid

56 1488 101 1539 hic,
114 1490 150 1528 uhi
162 1491 187 1528 cle
194 1497 268 1545 poenis
279 1493 356 1531 divinis
366 1503 434 1529 sermo
444 1489 480 1538 sit⁷
494 1489 533 1528 sibi
542 1489 593 1528 velit
602 1490 775 1540 actusforensis?

108 1554 166 1596 1225.
192 1556 285 1606 Summa]
301 1555 331 1592 sic
340 1554 385 1592 Ald.
393 1556 435 1594 l.2.
447 1556 497 1591 Bon.
509 1555 564 1592 Iunt.
577 1553 652 1594 urite,
666 1561 693 1600 et,
706 1556 722 1593 si
733 1558 775 1594 Ha-

56 1606 163 1656 vercampi
174 1606 255 1645 silentio
265 1607 380 1651 fidendum,
392 1606 511 1658 Lugd-1.2.
522 1604 593 1653 Bodl.;
607 1618 647 1644 nec
657 1607 724 1656 video,
738 1621 776 1646 cur

57 1657 145 1696 Orellius
153 1658 195 1696 hoc
206 1659 312 1709 epitheton
323 1660 438 1712 ambiguum
448 1657 510 1706 dicat,
524 1658 561 1695 etsi
573 1660 660 1698 otiosum
671 1671 714 1697 esse
725 1673 776 1698 con·

58 1709 143 1758 cedam,
158 1708 211 1761 quae
221 1717 292 1749 tamen
303 1723 365 1750 causa
375 1723 416 1748 non
429 1710 517 1757 sufficit,
531 1716 555 1747 ut
565 1709 689 1761 corrigatur.
715 1712 776 1751 Walt,

58 1772 70 1798 e
85 1761 145 1802 Vind.
162 1765 223 1803 Poor.
240 1763 290 1803 Brit.
304 1765 321 1803 1.
332 1765 351 1803 2.
371 1764 430 1801 Cant.
442 1762 490 1799 Ver.
502 1763 553 1800 Ven.
568 1762 710 1811 (quibuscum
722 1764 776 1803 Brix.

58 1814 177 1864 conspirare
192 1814 286 1863 videtur,
299 1813 521 1863 Summemexluhens)
536 1813 601 1851 edidit
617 1817 709 1864 Summe,
728 1829 776 1854 cum

56 1866 142 1905 violenti
158 1872 313 1915 constructum,
328 1865 506 1917 quemadmodum
517 1866 553 1910 IV,
562 1866 607 1904 255.
619 1881 693 1905 summe
704 1870 764 1905 celeri
769 1884 777 1912 ‚·
796 1897 801 1909 x

58 1917 120 1965 quod,
135 1919 227 1968 quamvis
238 1919 381 1956 duriusculum
393 1924 484 1964 censeat,
497 1916 559 1956 Orell.
569 1917 633 1954 etiam
644 1925 691 1969 post
700 1918 776 1960 Eichst.

56 1969 143 2019 recepit.
169 1970 252 2008 Amicus
270 1969 355 2021 quidam
371 1969 442 2008 Orellii
456 1969 548 2007 coniecit
562 1972 633 2017 Sume,
652 1970 729 2008 collato
740 1973 773 2021 Ill

57 2019 113 2069 371.;
126 2034 202 2071 parum
213 2021 311 2061 feliciter.
377 2062 379 2064 ,

109 2086 166 2126 12Ξ6.
193 2087 280 2135 classis]
294 2088 349 2124 Iunt.
366 2088 441 2136 classi,
454 2083 504 2122 Brit·
516 2084 536 2123 2.
549 2084 568 2122 3'.
585 2083 637 2122 Brix,
653 2087 735 2125 clausis.
750 2109 774 2115 -—

58 2139 160 2188 aequora]
173 2139 221 2175 Ver.
234 2140 284 2176 Ven.
296 2138 367 2177 Aldl.
376 2140 425 2175 Bon.
440 2139 529 2175 aethera.
543 2157 569 2163 —
582 2137 660 2185 verrit]
677 2140 745 2186 Cant,
763 2152 775 2177 a

57 2189 147 2289 se2t16r÷d3
161 2202 237 2239 manu,
250 2191 298 2228 Ver.
309 2191 362 2230 Ven.
371 2192 446 2237 uertit,
459 2199 579 2239 perperam.
606 2188 666 2237 (Vid.
676 2202 739 2240 supra
749 2190 775 2228 ad

57 2250 76 2276 v.
85 2265 98 2279 1.
125 2269 130 2279 .
427 2247 429 2250 ’

109 2306 167 2353 1228.
194 2307 238 2345 odit
248 2305 283 2354 oc]
300 2305 360 2346 Vind.
371 2307 423 2353 cedit,
436 2304 485 2342 Ver.
496 2304 547 2341 Ven.
558 2305 629 2352 adyta,
643 2304 697 2342 Brix.
709 2307 772 2352 aetra,

19 2384 21 2390 ·
57 2354 105 2395 Brit.
118 2359 136 2396 1·
149 2359 168 2396 2.
178 2357 197 2396 3.
210 2360 289 2396 addita.
302 2380 328 2386 —
342 2360 371 2395 De
382 2358 452 2394 forma
465 2370 561 2409 quaesere
570 2361 654 2405 praeter
663 2359 744 2393 Festum
755 2369 772 2396 s,

57 2418 76 2443 V·
92 2408 172 2453 Quaeso
183 2414 204 2446 et
215 2408 306 2447 Phocam
317 2416 355 2449 art.
367 2421 456 2461 gramm.
469 2409 591 2458 p.1718.1>.‚
608 2421 660 2456 quos
671 2407 731 2446 Wak.
742 2408 773 2443 af—

57 2455 109 2543 fert,
124 2461 180 2498 conf.
195 2460 291 2501 Ruddim.
307 2464 355 2500 lnst.
368 2464 403 2502 Gr.
413 2463 428 2499 Ι.
444 2473 466 2511 p.
478 2461 524 2500 269.
537 2464 582 2498 not.
594 2458 638 2510 24„
655 2465 675 2496 et
690 2460 725 2508 qui
739 2459 773 2496 luc

66 2516 175 2550 sudantur.

88 2580 206 2609 tenuamus
578 2567 596 2616 Q
606 2580 618 2615 q
