1690 2654
186 54 188 56 ’
230 85 272 127 an
288 79 423 125 uranum
441 80 633 123 secuuntur.
747 79 795 126 235

128 195 161 236 97.
189 195 287 247 Conflieta
305 191 416 232 ediderunt
430 192 503 231 Lamb.
521 193 572 233 Hav.
582 191 644 231 Wak.
655 203 667 230 e
679 190 754 242 priscis
765 189 795 228 Pii

77 245 157 296 coda,
175 258 226 298 quos
237 245 331 297 sequitur
343 244 407 281 etiam
415 245 485 292 Iunt.;
503 244 561 281 Bodl.
573 245 623 284 Brit.
640 247 658 283 1.
674 244 732 283 editt.
746 245 794 280 Ver.

76 298 238 347 Vensswnsnha,
251 296 308 348 quod
319 296 388 333 Gifan.
396 296 480 345 prohat,
495 295 533 332 esti
543 308 586 333 non
595 295 712 347 intelligat3
727 294 795 334 ceteri

75 350 125 388 libri
135 363 207 387 omnes
219 349 319 400 confulta,
332 347 399 385 Fahro
410 345 527 386 addicente.
596 358 598 370 ¹
807 355 814 359 “

126 403 159 441 982
185 400 278 438 Verbum
289 413 370 441 nexare,
383 397 447 447 quod,
460 397 557 437 Ruddim.
571 400 617 436 inst.
631 398 669 438 Gr.
682 400 701 437 1.
714 411 735 449 p.
746 398 792 439 253.

74 458 119 492 not.
128 453 160 492 75.
175 451 293 498 referente,
313 449 425 487 Goelenius
435 449 508 486 Probl.
522 449 619 491 Gramm.
632 451 672 498 IV,
687 451 719 489 32.
736 450 793 499 apud

74 504 187 556 probatum
197 508 306 539 auctorem
316 500 406 539 inveniri
419 506 489 551 negat,
505 507 590 549 praeter
600 501 657 539 hunc
668 501 740 539 locum
756 515 794 539 oc-

76 555 142 592 currit
154 554 218 601 etiam
229 553 286 604 Virg.
299 555 349 591 Aen.
359 554 383 600 V,
393 552 438 592 279.
449 558 470 590 et
480 552 502 589 in
513 552 589 603 fragm.
601 552 654 590 Livii
665 553 720 602 apud
727 553 792 594 Prisc.

74 608 102 655 X,
114 608 133 646 8.
141 606 178 647 fin.
190 606 217 657 (p.
229 602 275 645 904.
285 605 316 651 P.)
331 605 361 642 De
372 605 434 655 Lucr.
446 607 462 652 I,
475 602 532 643 1024.
545 616 594 642 vero
606 604 668 642 aliter
677 605 793 645 statuimus.

127 659 171 697 100.
198 656 306 706 conuecta]
323 655 446 695 Codri-Brit.
461 657 507 695 13.
525 662 546 693 et
560 657 608 694 Ver.
619 660 671 697 Ven.
688 667 793 704 conuecta,

75 708 131 746 unde
140 708 200 747 war.
211 708 265 748 coni.
276 719 380 752 contecta5
393 706 439 743 Ald·
454 709 473 745 1.
488 713 508 744 et
522 710 572 745 Bon.
583 723 684 754 connexa,
703 714 727 745 ut
741 709 795 756 Hav.

76 773 125 798 cum
141 760 272 811 vulgaribus;
292 758 350 799 editt.
361 757 416 797 Brix.
433 762 486 809 [unt.
501 758 547 797 Ald.
563 760 584 800 2.
598 772 612 797 a
626 759 720 809 partibus
735 764 792 797 stant

75 813 205 863 optimorum
217 811 281 851 Godd.
671 846 674 853 ι

63 870 65 872 ’
127 864 172 904 105,
200 863 282 913 Cetera]
297 862 327 901 sic
338 873 410 900 omnes
420 861 483 906 Codd.
495 867 571 900 etvett.
580 860 646 907 editt,
659 874 711 912 quos
722 860 792 913 sequi·

33 921 35 924 ’
74 921 110 953 tur
119 915 180 954 Wak.
199 915 267 966 Vulgo
279 927 303 953 ex
319 913 424 952 editorum
433 913 519 951 arbitrio
534 919 562 952 Et
571 916 621 952 cita.
809 923 813 927 ’

127 968 171 1006 110.
197 967 262 1004 Recte
274 972 325 1016 puto
338 965 415 1004 Eichst.
434 965 548 1003 restituisse
567 965 678 1016 vulgarem
696 963 792 1003 omnium

74 1017 177 1056 librorum
187 1017 300 1055 lectionem
310 1028 388 1063 motus,
401 1029 465 1067 quam
476 1017 536 1054 Wak.
549 1028 560 1054 e
570 1017 658 1055 Bentleii
668 1016 792 1056 coniectura
836 1047 839 1051 .

74 1076 158 1119 praeter
168 1069 312 1107 necessitatem
320 1068 343 1106 in
354 1072 419 1107 coitus
429 1074 553 1106 mutaverat.

127 1122 171 1160 113.
197 1122 256 1157 Hunc
274 1127 294 1157 et
310 1132 367 1170 seqq.
381 1132 452 1157 versus
466 1120 548 1157 Servius
562 1119 665 1170 respexit,
690 1119 717 1158 ad
732 1118 791 1171 Virg.

73 1173 117 1210 Ecl.
127 1174 163 1218 VI,
173 1173 205 1212 32.
217 1171 358 1211 scribens:,--¹
367 1192 393 1199 —
404 1171 476 1219 „Unde
489 1178 510 1209 et
522 1172 587 1209 atomi
596 1172 665 1211 dictae
674 1178 729 1220 sunt,
739 1182 791 1221 quas
838 1198 840 1201 .

74 1224 182 1261 Lucretius
192 1222 316 1260 minutiores
325 1219 377 1260 dixit
389 1235 432 1262 esse
439 1223 481 1260 illis
492 1224 630 1274 corpusculis,
651 1237 704 1275 quae
716 1223 791 1261 infusis

73 1287 112 1325 per
121 1275 235 1312 fenestram
246 1274 310 1312 radiis
319 1273 369 1311 solis
375 1274 479 1312 videmus:
491 1275 542 1312 dicit
549 1275 611 1322 enim,
623 1275 664 1313 illis
673 1288 714 1312 nec
722 1275 790 1313 visum

73 1327 265 1418 posse7accederef‘
286 1326 450 1380 Contemplator]
469 1326 530 1366 Wak.
545 1333 654 1378 comparat
664 1327 722 1379 Virg.
736 1329 788 1366 Geo.

83 1408 100 1435 ’a
127 1427 171 1469 114.
197 1428 282 1468 Retinui
297 1441 346 1467 cum
359 1428 434 1469 Eichst.
446 1429 555 1482 vulgarem
569 1428 684 1468 lectionem
697 1431 790 1469 insertim

69 1481 256 1534 funduntrndios,
280 1481 373 1533 cogitans
388 1480 500 1530 nimirum,
531 1488 660 1534 quantopere
680 1482 790 1519 Lucretius

75 1532 176 1571 eiusmodi
193 1532 292 1571 adverbia
313 1533 336 1569 in
357 1535 385 1572 im
405 1533 520 1571 desinentia
540 1541 608 1581 amet,
632 1533 703 1581 (conf.
723 1532 750 1583 ad
769 1533 788 1581 I,

73 1584 131 1633 21.);
147 1591 274 1636 quapropter
288 1596 328 1622 nec
339 1583 405 1621 Servii
418 1586 483 1624 verba
502 1584 578 1637 infusis
592 1587 670 1633 radiis,
693 1584 789 1636 adquae

75 1636 143 1676 Gifan.
153 1637 260 1687 provocat,
273 1649 312 1674 nec
322 1635 404 1687 Virgilii
412 1649 483 1675 versus
492 1641 542 1675 nen.
550 1638 591 1682 Ill,
603 1637 647 1677 152.
679 1639 744 1676 Plena
750 1652 790 1689 per

74 1690 162 1728 insertas
170 1690 275 1742 fundebat
286 1691 334 1728 luna
341 1689 457 1741 fenestras,
475 1701 538 1740 quem
548 1690 599 1726 Hav.
611 1701 635 1727 ex
646 1687 790 1727 hocLucretii

73 1739 157 1778 fluxisse
167 1740 292 1789 arbitratur,
308 1747 447 1790 memorent,
466 1747 491 1778 ut
501 1740 615 1790 lectionem
629 1743 713 1780 insertei
728 1753 790 1778 com-

73 1792 174 1842 probem,
188 1804 251 1842 quam
261 1794 344 1830 Havfet
354 1792 414 1831 Wak.
426 1805 437 1830 e
448 1791 497 1830 solis
507 1792 570 1830 Godd.
580 1792 647 1843 Lugd.
663 1795 681 1831 1.
694 1794 714 1831 2.
729 1793 789 1831 Gott.

73 1850 211 1894 receperunt3
238 1842 377 1881 nominativus
396 1855 445 1881 vero
469 1846 535 1892 radii,
563 1844 590 1881 ab
609 1842 684 1881 iisdem
703 1842 789 1881 editori-

72 1895 113 1932 bus
123 1908 134 1932 e
145 1895 208 1936 Codd.
220 1894 285 1947 Lugd.
297 1896 315 1935 1.
329 1901 350 1932 et
364 1895 422 1931 Gott.
434 1901 541 1945 receptus,
558 1895 647 1932 fortasse
662 1900 720 1933 ortus
734 1902 789 1933 este

75 1954 174 1997 corrupta
182 1947 274 1985 lectione
289 1946 354 1998 Lugd.
364 1948 383 1985 2.
393 1948 443 1987 radi
448 1977 453 1997 ,
472 1946 496 1985 in
510 1959 575 1998 quam
589 1946 694 1999 vulgaris,
714 1946 789 1987 amissa

75 2005 168 2037 extrema
177 1999 263 2050 syllaba,
277 1997 365 2037 abierat.
415 2035 419 2042 Δ

106 2097 107 2100 ¹
126 2051 170 2097 119.
198 2051 400 2089 Citathuncversum
408 2048 507 2097 Noninst,
520 2052 551 2091 16.
559 2047 638 2100 (pets.
646 2049 690 2099 G.),
703 2049 739 2101 qui
748 2052 789 2089 clis-

69 2103 149 2149 sidium
160 2103 253 2152 praehet,
266 2110 290 2141 nt
302 2102 353 2142 Cod.
364 2104 421 2141 Cant.
442 2101 482 2139 Sed
492 2101 533 2139 vid.
547 2103 564 2150 I,
574 2104 619 2142 221.
629 2103 674 2143 250.
684 2099 731 2142 453.
747 2108 788 2140 etc.

72 2188 75 2191 ,
127 2154 171 2193 121.
197 2156 228 2192 De
235 2155 389 2193 constructione
398 2153 455 2192 verbi
466 2157 554 2194 animum
564 2156 669 2194 advertere
681 2166 729 2192 cum
740 2152 789 2192 sim-

74 2204 124 2256 plici
136 2206 253 2244 accusativo
265 2207 305 2246 vid.
320 2206 413 2245 Curtium
424 2205 450 2243 ad
461 2206 544 2244 Sallust.
555 2208 599 2256 Ing.
610 2207 642 2246 93.
658 2205 789 2247 0udend.ad

76 2258 133 2294 Caes.
148 2259 168 2303 B,
180 2260 203 2297 G.
215 2260 231 2309 Ι,
242 2257 283 2308 22,
297 2259 368 2297 Davis.
380 2264 401 2296 et
410 2257 475 2296 Bentl.
487 2257 514 2296 ad
524 2258 565 2297 Cic.
575 2260 636 2296 Tusc.
646 2259 671 2306 V,
681 2259 713 2298 23.
728 2259 788 2309 (quos

74 2307 134 2357 Wak.
145 2308 233 2357 laudat)
248 2313 352 2350 staveren.
364 2310 391 2348 ad
399 2310 451 2362 Nep.
463 2312 533 2362 Epam.
545 2312 564 2351 6.
577 2309 675 2351 Ruddim.
683 2313 733 2351 [nst.
749 2310 788 2350 Gr.

75 2362 100 2399 ΙΙ.
110 2373 132 2411 Ρ.
143 2361 188 2401 328.
198 2368 236 2398 not
245 2363 276 2402 16.
285 2362 386 2414 aliosque.

127 2412 170 2452 130.
197 2415 285 2465 undique
295 2415 356 2454 Wak.
366 2413 459 2453 restituit
469 2425 480 2452 a
490 2413 550 2457 Gott,
557 2413 618 2455 Vind.
626 2414 673 2452 Brit.
681 2414 700 2453 2.
713 2416 734 2451 et
739 2413 787 2452 Ver.

76 2466 132 2516 Bon,
143 2463 216 2517 quihus
222 2471 300 2519 ceteras
306 2466 384 2506 addere
392 2479 477 2519 possum
482 2465 540 2507 editt.
549 2472 611 2517 vett.;
624 2466 687 2518 vulgo
698 2468 788 2513 denique.
