<?xml version="1.0" encoding="UTF-8"?>
<!DOCTYPE html PUBLIC "-//W3C//DTD XHTML 1.0 Transitional//EN"
    "http://www.w3.org/TR/xhtml1/DTD/xhtml1-transitional.dtd">
<html xmlns="http://www.w3.org/1999/xhtml" xml:lang="en" lang="en">
 <head>
  <title>
</title>
<meta http-equiv="Content-Type" content="text/html;charset=utf-8" />
  <meta name='ocr-system' content='tesseract 3.04.00' />
  <meta name='ocr-capabilities' content='ocr_page ocr_carea ocr_par ocr_line ocrx_word'/>
</head>
<body>
  <div class='ocr_page' id='page_1' title='image "./MN40048ucmf_3_0324.png"; bbox 0 0 1690 2654; ppageno 0'>
   <div class='ocr_carea' id='block_1_1' title="bbox 58 104 554 153">
    <p class='ocr_par' dir='ltr' id='par_1_1' title="bbox 58 104 554 153">
     <span class='ocr_line' id='line_1_1' title="bbox 58 104 554 153; baseline -0.008 -1"><span class='ocrx_word' id='word_1_1' title='bbox 58 106 107 153; x_wconf 77' lang='lat'><strong>238</strong></span> <span class='ocrx_word' id='word_1_2' title='bbox 175 135 178 141; x_wconf 89' lang='lat'><em>-</em></span> <span class='ocrx_word' id='word_1_3' title='bbox 275 104 554 148; x_wconf 78' lang='lat' dir='ltr'><strong>ANNOTATIONES</strong></span> 
     </span>
    </p>
   </div>
   <div class='ocr_carea' id='block_1_2' title="bbox 57 215 774 373">
    <p class='ocr_par' dir='ltr' id='par_1_2' title="bbox 57 215 774 373">
     <span class='ocr_line' id='line_1_2' title="bbox 59 215 774 268; baseline 0 -12"><span class='ocrx_word' id='word_1_4' title='bbox 59 217 128 268; x_wconf 78' lang='lat' dir='ltr'><strong>vulgg.</strong></span> <span class='ocrx_word' id='word_1_5' title='bbox 139 215 197 268; x_wconf 80' lang='lat' dir='ltr'><strong>editt.</strong></span> <span class='ocrx_word' id='word_1_6' title='bbox 207 215 258 253; x_wconf 83' lang='lat' dir='ltr'><strong>Hav.</strong></span> <span class='ocrx_word' id='word_1_7' title='bbox 273 227 356 267; x_wconf 81' lang='lat' dir='ltr'><strong>qnoque</strong></span> <span class='ocrx_word' id='word_1_8' title='bbox 365 215 459 254; x_wconf 85' lang='lat' dir='ltr'><strong>retinuit.</strong></span> <span class='ocrx_word' id='word_1_9' title='bbox 477 216 537 256; x_wconf 86' lang='lat' dir='ltr'><strong>Wak.</strong></span> <span class='ocrx_word' id='word_1_10' title='bbox 551 216 665 256; x_wconf 84' lang='lat' dir='ltr'><strong>lectionem</strong></span> <span class='ocrx_word' id='word_1_11' title='bbox 675 226 734 256; x_wconf 85' lang='lat' dir='ltr'><strong>suam</strong></span> <span class='ocrx_word' id='word_1_12' title='bbox 744 217 774 256; x_wconf 86' lang='lat' dir='ltr'><strong>sie</strong></span> 
     </span>
     <span class='ocr_line' id='line_1_3' title="bbox 59 266 774 320; baseline 0 -13"><span class='ocrx_word' id='word_1_13' title='bbox 59 270 158 319; x_wconf 82' lang='lat' dir='ltr'><strong>explicat:</strong></span> <span class='ocrx_word' id='word_1_14' title='bbox 178 266 250 316; x_wconf 84' lang='lat' dir='ltr'><strong>„licet</strong></span> <span class='ocrx_word' id='word_1_15' title='bbox 261 267 284 304; x_wconf 88' lang='lat' dir='ltr'><strong>in</strong></span> <span class='ocrx_word' id='word_1_16' title='bbox 299 267 409 306; x_wconf 88' lang='lat' dir='ltr'><strong>hominum</strong></span> <span class='ocrx_word' id='word_1_17' title='bbox 423 270 606 320; x_wconf 85' lang='lat' dir='ltr'><strong>reprehensionem</strong></span> <span class='ocrx_word' id='word_1_18' title='bbox 619 269 672 307; x_wconf 85' lang='lat' dir='ltr'><strong>haec</strong></span> <span class='ocrx_word' id='word_1_19' title='bbox 682 269 774 320; x_wconf 89' lang='lat' dir='ltr'><strong>philoso-</strong></span> 
     </span>
     <span class='ocr_line' id='line_1_4' title="bbox 57 319 774 373; baseline 0.004 -17"><span class='ocrx_word' id='word_1_20' title='bbox 57 321 106 370; x_wconf 87' lang='lat' dir='ltr'><strong>phia</strong></span> <span class='ocrx_word' id='word_1_21' title='bbox 114 319 221 369; x_wconf 78' lang='lat' dir='ltr'><strong>incurrat,</strong></span> <span class='ocrx_word' id='word_1_22' title='bbox 240 319 298 371; x_wconf 77' lang='lat' dir='ltr'><strong>quasi</strong></span> <span class='ocrx_word' id='word_1_23' title='bbox 311 320 404 358; x_wconf 79' lang='lat' dir='ltr'><strong>scelestis</strong></span> <span class='ocrx_word' id='word_1_24' title='bbox 421 328 441 359; x_wconf 89' lang='lat' dir='ltr'><strong>et</strong></span> <span class='ocrx_word' id='word_1_25' title='bbox 459 321 527 373; x_wconf 79' lang='lat' dir='ltr'><strong>impiis</strong></span> <span class='ocrx_word' id='word_1_26' title='bbox 540 335 564 359; x_wconf 81' lang='lat' dir='ltr'><strong>ex</strong></span> <span class='ocrx_word' id='word_1_27' title='bbox 578 321 685 362; x_wconf 86' lang='lat' dir='ltr'><strong>elementis</strong></span> <span class='ocrx_word' id='word_1_28' title='bbox 696 321 774 360; x_wconf 90' lang='lat' dir='ltr'><strong>consti-</strong></span> 
     </span>
    </p>
   </div>
   <div class='ocr_carea' id='block_1_3' title="bbox 5 373 130 409">
    <p class='ocr_par' dir='ltr' id='par_1_3' title="bbox 5 373 130 409">
     <span class='ocr_line' id='line_1_5' title="bbox 5 373 130 409; baseline 0 0"><span class='ocrx_word' id='word_1_29' title='bbox 5 376 9 384; x_wconf 70' lang='grc'><strong>’“</strong></span> <span class='ocrx_word' id='word_1_30' title='bbox 58 373 130 409; x_wconf 86' lang='lat' dir='ltr'><strong>tuta.“</strong></span> 
     </span>
    </p>
   </div>
   <div class='ocr_carea' id='block_1_4' title="bbox 57 420 775 832">
    <p class='ocr_par' dir='ltr' id='par_1_4' title="bbox 57 420 775 730">
     <span class='ocr_line' id='line_1_6' title="bbox 110 420 773 474; baseline -0.002 -11"><span class='ocrx_word' id='word_1_31' title='bbox 110 420 154 463; x_wconf 73' lang='lat'><strong>134.</strong></span> <span class='ocrx_word' id='word_1_32' title='bbox 181 422 247 462; x_wconf 81' lang='lat' dir='ltr'><strong>Bentl.</strong></span> <span class='ocrx_word' id='word_1_33' title='bbox 263 423 317 461; x_wconf 91' lang='lat' dir='ltr'><strong>coni.</strong></span> <span class='ocrx_word' id='word_1_34' title='bbox 330 425 384 463; x_wconf 84' lang='lat' dir='ltr'><strong>Nam</strong></span> <span class='ocrx_word' id='word_1_35' title='bbox 397 425 452 464; x_wconf 79' lang='lat' dir='ltr'><strong>loeus</strong></span> <span class='ocrx_word' id='word_1_36' title='bbox 465 436 506 474; x_wconf 79' lang='lat' dir='ltr'><strong>est,</strong></span> <span class='ocrx_word' id='word_1_37' title='bbox 525 423 586 463; x_wconf 77' lang='lat' dir='ltr'><strong>Wak.</strong></span> <span class='ocrx_word' id='word_1_38' title='bbox 601 429 646 464; x_wconf 85' lang='lat' dir='ltr'><strong>Iam</strong></span> <span class='ocrx_word' id='word_1_39' title='bbox 662 425 718 464; x_wconf 75' lang='lat' dir='ltr'><strong>lotus</strong></span> <span class='ocrx_word' id='word_1_40' title='bbox 736 434 773 472; x_wconf 77' lang='lat' dir='ltr'><strong>est,</strong></span> 
     </span>
     <span class='ocr_line' id='line_1_7' title="bbox 58 474 774 528; baseline 0 -16"><span class='ocrx_word' id='word_1_41' title='bbox 58 487 123 527; x_wconf 84' lang='lat' dir='ltr'><strong>quum</strong></span> <span class='ocrx_word' id='word_1_42' title='bbox 131 474 185 513; x_wconf 87' lang='lat' dir='ltr'><strong>illud</strong></span> <span class='ocrx_word' id='word_1_43' title='bbox 194 477 262 524; x_wconf 81' lang='lat' dir='ltr'><strong>Nune,</strong></span> <span class='ocrx_word' id='word_1_44' title='bbox 271 476 335 513; x_wconf 90' lang='lat' dir='ltr'><strong>modo</strong></span> <span class='ocrx_word' id='word_1_45' title='bbox 346 488 496 527; x_wconf 73' lang='lat' dir='ltr'><strong>praegressum,</strong></span> <span class='ocrx_word' id='word_1_46' title='bbox 508 476 579 528; x_wconf 83' lang='lat' dir='ltr'><strong>utique</strong></span> <span class='ocrx_word' id='word_1_47' title='bbox 586 476 684 517; x_wconf 85' lang='lat' dir='ltr'><strong>offendat.</strong></span> <span class='ocrx_word' id='word_1_48' title='bbox 698 481 774 515; x_wconf 90' lang='lat' dir='ltr'><strong>Omnes</strong></span> 
     </span>
     <span class='ocr_line' id='line_1_8' title="bbox 57 526 774 579; baseline -0.001 -14"><span class='ocrx_word' id='word_1_49' title='bbox 57 534 129 565; x_wconf 88' lang='lat' dir='ltr'><strong>tamen</strong></span> <span class='ocrx_word' id='word_1_50' title='bbox 144 527 194 565; x_wconf 82' lang='lat' dir='ltr'><strong>libri</strong></span> <span class='ocrx_word' id='word_1_51' title='bbox 207 526 316 579; x_wconf 84' lang='lat' dir='ltr'><strong>vulgarem</strong></span> <span class='ocrx_word' id='word_1_52' title='bbox 331 534 430 576; x_wconf 83' lang='lat' dir='ltr'><strong>tuentur,</strong></span> <span class='ocrx_word' id='word_1_53' title='bbox 448 541 488 565; x_wconf 83' lang='lat' dir='ltr'><strong>nen</strong></span> <span class='ocrx_word' id='word_1_54' title='bbox 498 529 539 566; x_wconf 87' lang='lat' dir='ltr'><strong>hoc</strong></span> <span class='ocrx_word' id='word_1_55' title='bbox 549 541 614 567; x_wconf 88' lang='lat' dir='ltr'><strong>unum</strong></span> <span class='ocrx_word' id='word_1_56' title='bbox 626 536 669 577; x_wconf 87' lang='lat' dir='ltr'><strong>est,</strong></span> <span class='ocrx_word' id='word_1_57' title='bbox 684 527 740 578; x_wconf 85' lang='lat' dir='ltr'><strong>quod</strong></span> <span class='ocrx_word' id='word_1_58' title='bbox 751 527 774 564; x_wconf 89' lang='lat' dir='ltr'><strong>in</strong></span> 
     </span>
     <span class='ocr_line' id='line_1_9' title="bbox 57 577 775 633; baseline -0.001 -15"><span class='ocrx_word' id='word_1_59' title='bbox 57 579 106 618; x_wconf 86' lang='lat' dir='ltr'><strong>loco</strong></span> <span class='ocrx_word' id='word_1_60' title='bbox 116 586 189 616; x_wconf 85' lang='lat' dir='ltr'><strong>nostro</strong></span> <span class='ocrx_word' id='word_1_61' title='bbox 200 580 321 629; x_wconf 87' lang='lat' dir='ltr'><strong>scrupulum</strong></span> <span class='ocrx_word' id='word_1_62' title='bbox 330 592 415 618; x_wconf 88' lang='lat' dir='ltr'><strong>movere</strong></span> <span class='ocrx_word' id='word_1_63' title='bbox 427 581 497 631; x_wconf 88' lang='lat' dir='ltr'><strong>possit.</strong></span> <span class='ocrx_word' id='word_1_64' title='bbox 529 581 602 628; x_wconf 85' lang='lat' dir='ltr'><strong>(Gonf.</strong></span> <span class='ocrx_word' id='word_1_65' title='bbox 615 593 668 633; x_wconf 83' lang='lat' dir='ltr'><strong>qnae</strong></span> <span class='ocrx_word' id='word_1_66' title='bbox 679 580 704 617; x_wconf 87' lang='lat' dir='ltr'><strong>de</strong></span> <span class='ocrx_word' id='word_1_67' title='bbox 716 577 775 617; x_wconf 86' lang='lat' dir='ltr'><strong>omni</strong></span> 
     </span>
     <span class='ocr_line' id='line_1_10' title="bbox 57 631 774 730; baseline 0.001 -62"><span class='ocrx_word' id='word_1_68' title='bbox 57 632 275 730; x_wconf 58' lang='lat' dir='ltr'><strong>l4p&#39;coll),167-183.</strong></span> <span class='ocrx_word' id='word_1_69' title='bbox 291 631 393 682; x_wconf 81' lang='lat' dir='ltr'><strong>disputavi</strong></span> <span class='ocrx_word' id='word_1_70' title='bbox 407 632 430 669; x_wconf 88' lang='lat' dir='ltr'><strong>in</strong></span> <span class='ocrx_word' id='word_1_71' title='bbox 444 636 559 671; x_wconf 86' lang='lat' dir='ltr'><strong>Comment.</strong></span> <span class='ocrx_word' id='word_1_72' title='bbox 574 646 623 671; x_wconf 84' lang='lat' dir='ltr'><strong>mea</strong></span> <span class='ocrx_word' id='word_1_73' title='bbox 639 633 664 671; x_wconf 85' lang='lat' dir='ltr'><strong>de</strong></span> <span class='ocrx_word' id='word_1_74' title='bbox 680 634 742 671; x_wconf 88' lang='lat' dir='ltr'><strong>Lucr.</strong></span> <span class='ocrx_word' id='word_1_75' title='bbox 753 644 774 682; x_wconf 88' lang='lat' dir='ltr'><strong>p.</strong></span> 
     </span>
    </p>

    <p class='ocr_par' dir='ltr' id='par_1_5' title="bbox 85 696 198 724">
     <span class='ocr_line' id='line_1_11' title="bbox 85 696 198 724; baseline -0.035 0"><span class='ocrx_word' id='word_1_76' title='bbox 85 696 126 724; x_wconf 88' lang='lat' dir='ltr'><strong>.ss.</strong></span> <span class='ocrx_word' id='word_1_77' title='bbox 196 704 198 706; x_wconf 89' lang='lat'>·</span> 
     </span>
    </p>

    <p class='ocr_par' dir='ltr' id='par_1_6' title="bbox 111 733 774 784">
     <span class='ocr_line' id='line_1_12' title="bbox 111 733 774 784; baseline -0.003 -10"><span class='ocrx_word' id='word_1_78' title='bbox 111 737 155 774; x_wconf 84' lang='lat'><strong>186.</strong></span> <span class='ocrx_word' id='word_1_79' title='bbox 181 735 262 783; x_wconf 81' lang='lat' dir='ltr'><strong>meare]</strong></span> <span class='ocrx_word' id='word_1_80' title='bbox 281 733 346 784; x_wconf 83' lang='lat' dir='ltr'><strong>Lugd.</strong></span> <span class='ocrx_word' id='word_1_81' title='bbox 363 735 380 772; x_wconf 82' lang='lat'><strong>1·</strong></span> <span class='ocrx_word' id='word_1_82' title='bbox 395 735 415 772; x_wconf 70' lang='grc' dir='ltr'><strong>Ξ.</strong></span> <span class='ocrx_word' id='word_1_83' title='bbox 433 733 491 772; x_wconf 83' lang='lat' dir='ltr'><strong>Bodl.</strong></span> <span class='ocrx_word' id='word_1_84' title='bbox 507 733 567 775; x_wconf 83' lang='lat' dir='ltr'><strong>Vind.</strong></span> <span class='ocrx_word' id='word_1_85' title='bbox 582 734 631 775; x_wconf 85' lang='lat' dir='ltr'><strong>Brit.</strong></span> <span class='ocrx_word' id='word_1_86' title='bbox 646 736 665 775; x_wconf 84' lang='lat'><strong>1·</strong></span> <span class='ocrx_word' id='word_1_87' title='bbox 684 740 706 773; x_wconf 81' lang='lat' dir='ltr'><strong>et</strong></span> <span class='ocrx_word' id='word_1_88' title='bbox 721 734 774 773; x_wconf 81' lang='lat' dir='ltr'><strong>Brix.</strong></span> 
     </span>
    </p>

    <p class='ocr_par' dir='ltr' id='par_1_7' title="bbox 58 784 421 832">
     <span class='ocr_line' id='line_1_13' title="bbox 58 784 421 832; baseline -0.011 -7"><span class='ocrx_word' id='word_1_89' title='bbox 58 787 106 825; x_wconf 89' lang='lat' dir='ltr'><strong>Ver.</strong></span> <span class='ocrx_word' id='word_1_90' title='bbox 119 790 170 825; x_wconf 85' lang='lat' dir='ltr'><strong>Ven.</strong></span> <span class='ocrx_word' id='word_1_91' title='bbox 184 789 254 832; x_wconf 77' lang='lat' dir='ltr'><strong>meari,</strong></span> <span class='ocrx_word' id='word_1_92' title='bbox 268 784 305 821; x_wconf 92' lang='lat' dir='ltr'><strong>sed</strong></span> <span class='ocrx_word' id='word_1_93' title='bbox 314 784 421 821; x_wconf 87' lang='lat' dir='ltr'><strong>mendose.</strong></span> 
     </span>
    </p>
   </div>
   <div class='ocr_carea' id='block_1_5' title="bbox 110 822 843 886">
    <p class='ocr_par' dir='ltr' id='par_1_8' title="bbox 110 822 843 886">
     <span class='ocr_line' id='line_1_14' title="bbox 110 822 843 886; baseline 0 -10"><span class='ocrx_word' id='word_1_94' title='bbox 110 838 155 877; x_wconf 80' lang='lat'><strong>187.</strong></span> <span class='ocrx_word' id='word_1_95' title='bbox 182 838 214 877; x_wconf 86' lang='lat' dir='ltr'><strong>Ne</strong></span> <span class='ocrx_word' id='word_1_96' title='bbox 224 842 284 875; x_wconf 88' lang='lat' dir='ltr'><strong>recte</strong></span> <span class='ocrx_word' id='word_1_97' title='bbox 294 836 370 877; x_wconf 89' lang='lat' dir='ltr'><strong>Eichst.</strong></span> <span class='ocrx_word' id='word_1_98' title='bbox 381 826 484 883; x_wconf 86' lang='lat' dir='ltr'><strong>restituit,</strong></span> <span class='ocrx_word' id='word_1_99' title='bbox 498 836 555 886; x_wconf 89' lang='lat' dir='ltr'><strong>quod</strong></span> <span class='ocrx_word' id='word_1_100' title='bbox 569 837 628 875; x_wconf 81' lang='lat' dir='ltr'><strong>Walr.</strong></span> <span class='ocrx_word' id='word_1_101' title='bbox 645 849 656 875; x_wconf 87' lang='lat' dir='ltr'><strong>e</strong></span> <span class='ocrx_word' id='word_1_102' title='bbox 671 836 775 877; x_wconf 66' lang='lat' dir='ltr'><strong>sotaedit.</strong></span> <span class='ocrx_word' id='word_1_103' title='bbox 811 860 815 863; x_wconf 90' lang='lat'>·</span> <span class='ocrx_word' id='word_1_104' title='bbox 840 822 843 824; x_wconf 80' lang='lat'><strong>.</strong></span> 
     </span>
    </p>
   </div>
   <div class='ocr_carea' id='block_1_6' title="bbox 31 888 814 2552">
    <p class='ocr_par' dir='ltr' id='par_1_9' title="bbox 57 888 774 931">
     <span class='ocr_line' id='line_1_15' title="bbox 57 888 774 931; baseline -0.003 -2"><span class='ocrx_word' id='word_1_105' title='bbox 57 892 106 931; x_wconf 87' lang='lat' dir='ltr'><strong>Ver.</strong></span> <span class='ocrx_word' id='word_1_106' title='bbox 116 890 138 927; x_wconf 90' lang='lat' dir='ltr'><strong>in</strong></span> <span class='ocrx_word' id='word_1_107' title='bbox 150 890 193 929; x_wconf 85' lang='lat' dir='ltr'><strong>Nec</strong></span> <span class='ocrx_word' id='word_1_108' title='bbox 205 895 329 927; x_wconf 87' lang='lat' dir='ltr'><strong>mutaverat.</strong></span> <span class='ocrx_word' id='word_1_109' title='bbox 356 888 416 926; x_wconf 88' lang='lat' dir='ltr'><strong>Idem</strong></span> <span class='ocrx_word' id='word_1_110' title='bbox 427 888 487 927; x_wconf 74' lang='lat' dir='ltr'><strong>Wak.</strong></span> <span class='ocrx_word' id='word_1_111' title='bbox 500 889 555 925; x_wconf 85' lang='lat' dir='ltr'><strong>hanc</strong></span> <span class='ocrx_word' id='word_1_112' title='bbox 565 890 639 927; x_wconf 80' lang='lat' dir='ltr'><strong>suadet</strong></span> <span class='ocrx_word' id='word_1_113' title='bbox 648 889 774 927; x_wconf 83' lang='lat' dir='ltr'><strong>lectionem:</strong></span> 
     </span>
    </p>

    <p class='ocr_par' dir='ltr' id='par_1_10' title="bbox 58 940 775 993">
     <span class='ocr_line' id='line_1_16' title="bbox 58 940 775 993; baseline -0.006 -11"><span class='ocrx_word' id='word_1_114' title='bbox 58 945 90 985; x_wconf 83' lang='lat' dir='ltr'><strong>Ne</strong></span> <span class='ocrx_word' id='word_1_115' title='bbox 105 943 142 981; x_wconf 81' lang='lat' dir='ltr'><strong>tibi</strong></span> <span class='ocrx_word' id='word_1_116' title='bbox 153 944 207 989; x_wconf 81' lang='lat' dir='ltr'><strong>dent,</strong></span> <span class='ocrx_word' id='word_1_117' title='bbox 222 944 288 986; x_wconf 69' lang='lat' dir='ltr'><strong>timeo,</strong></span> <span class='ocrx_word' id='word_1_118' title='bbox 302 944 393 993; x_wconf 54' lang='lat' dir='ltr'><strong>floram„</strong></span> <span class='ocrx_word' id='word_1_119' title='bbox 414 954 467 990; x_wconf 84' lang='lat' dir='ltr'><strong>qnae</strong></span> <span class='ocrx_word' id='word_1_120' title='bbox 478 953 527 977; x_wconf 90' lang='lat' dir='ltr'><strong>sane</strong></span> <span class='ocrx_word' id='word_1_121' title='bbox 540 940 606 978; x_wconf 83' lang='lat' dir='ltr'><strong>multa</strong></span> <span class='ocrx_word' id='word_1_122' title='bbox 616 941 686 989; x_wconf 84' lang='lat' dir='ltr'><strong>hahet,</strong></span> <span class='ocrx_word' id='word_1_123' title='bbox 698 941 775 992; x_wconf 67' lang='lat' dir='ltr'><strong>⁴quibus</strong></span> 
     </span>
    </p>

    <p class='ocr_par' dir='ltr' id='par_1_11' title="bbox 58 992 775 1042">
     <span class='ocr_line' id='line_1_17' title="bbox 58 992 775 1042; baseline -0.004 -9"><span class='ocrx_word' id='word_1_124' title='bbox 58 993 230 1042; x_wconf 73' lang='lat' dir='ltr'><strong>commendetur,</strong></span> <span class='ocrx_word' id='word_1_125' title='bbox 249 1000 269 1031; x_wconf 91' lang='lat' dir='ltr'><strong>et</strong></span> <span class='ocrx_word' id='word_1_126' title='bbox 278 993 354 1031; x_wconf 87' lang='lat' dir='ltr'><strong>diserte</strong></span> <span class='ocrx_word' id='word_1_127' title='bbox 365 993 472 1030; x_wconf 82' lang='lat' dir='ltr'><strong>exhibetur</strong></span> <span class='ocrx_word' id='word_1_128' title='bbox 482 1006 494 1030; x_wconf 80' lang='lat' dir='ltr'><strong>a</strong></span> <span class='ocrx_word' id='word_1_129' title='bbox 504 992 569 1036; x_wconf 87' lang='lat' dir='ltr'><strong>Codd.</strong></span> <span class='ocrx_word' id='word_1_130' title='bbox 582 992 641 1032; x_wconf 85' lang='lat' dir='ltr'><strong>Vind.</strong></span> <span class='ocrx_word' id='word_1_131' title='bbox 653 994 712 1031; x_wconf 85' lang='lat' dir='ltr'><strong>Cant.</strong></span> <span class='ocrx_word' id='word_1_132' title='bbox 724 992 775 1030; x_wconf 82' lang='lat' dir='ltr'><strong>Brit.</strong></span> 
     </span>
    </p>

    <p class='ocr_par' dir='ltr' id='par_1_12' title="bbox 58 1045 775 1094">
     <span class='ocr_line' id='line_1_18' title="bbox 58 1045 775 1094; baseline -0.003 -10"><span class='ocrx_word' id='word_1_133' title='bbox 58 1050 77 1087; x_wconf 74' lang='grc'><strong>2.</strong></span> <span class='ocrx_word' id='word_1_134' title='bbox 90 1053 111 1084; x_wconf 90' lang='lat' dir='ltr'><strong>et</strong></span> <span class='ocrx_word' id='word_1_135' title='bbox 124 1045 182 1084; x_wconf 85' lang='lat' dir='ltr'><strong>editt.</strong></span> <span class='ocrx_word' id='word_1_136' title='bbox 194 1046 245 1084; x_wconf 88' lang='lat' dir='ltr'><strong>Ven.</strong></span> <span class='ocrx_word' id='word_1_137' title='bbox 256 1045 300 1082; x_wconf 81' lang='lat' dir='ltr'><strong>Ald.</strong></span> <span class='ocrx_word' id='word_1_138' title='bbox 314 1047 332 1084; x_wconf 90' lang='lat'><strong>1.</strong></span> <span class='ocrx_word' id='word_1_139' title='bbox 345 1047 364 1085; x_wconf 76' lang='grc'><strong>2.</strong></span> <span class='ocrx_word' id='word_1_140' title='bbox 379 1047 429 1084; x_wconf 84' lang='lat' dir='ltr'><strong>Bon.</strong></span> <span class='ocrx_word' id='word_1_141' title='bbox 440 1046 506 1092; x_wconf 80' lang='lat' dir='ltr'><strong>Iunt.;</strong></span> <span class='ocrx_word' id='word_1_142' title='bbox 525 1045 619 1094; x_wconf 85' lang='lat' dir='ltr'><strong>proxime</strong></span> <span class='ocrx_word' id='word_1_143' title='bbox 632 1051 702 1083; x_wconf 85' lang='lat' dir='ltr'><strong>autem</strong></span> <span class='ocrx_word' id='word_1_144' title='bbox 714 1057 775 1083; x_wconf 86' lang='lat' dir='ltr'><strong>acce·</strong></span> 
     </span>
    </p>

    <p class='ocr_par' dir='ltr' id='par_1_13' title="bbox 58 1097 776 1144">
     <span class='ocr_line' id='line_1_19' title="bbox 58 1097 776 1144; baseline 0 -8"><span class='ocrx_word' id='word_1_145' title='bbox 58 1099 111 1137; x_wconf 87' lang='lat' dir='ltr'><strong>dunt</strong></span> <span class='ocrx_word' id='word_1_146' title='bbox 119 1097 169 1137; x_wconf 82' lang='lat' dir='ltr'><strong>Brit.</strong></span> <span class='ocrx_word' id='word_1_147' title='bbox 183 1098 202 1136; x_wconf 83' lang='lat'><strong>3.</strong></span> <span class='ocrx_word' id='word_1_148' title='bbox 217 1099 265 1136; x_wconf 80' lang='lat' dir='ltr'><strong>dent</strong></span> <span class='ocrx_word' id='word_1_149' title='bbox 277 1101 298 1136; x_wconf 85' lang='lat' dir='ltr'><strong>in</strong></span> <span class='ocrx_word' id='word_1_150' title='bbox 308 1101 378 1144; x_wconf 79' lang='lat' dir='ltr'><strong>timeo,</strong></span> <span class='ocrx_word' id='word_1_151' title='bbox 393 1099 440 1135; x_wconf 86' lang='lat' dir='ltr'><strong>Ver.</strong></span> <span class='ocrx_word' id='word_1_152' title='bbox 459 1100 504 1135; x_wconf 76' lang='lat' dir='ltr'><strong>clem</strong></span> <span class='ocrx_word' id='word_1_153' title='bbox 516 1100 587 1142; x_wconf 80' lang='lat' dir='ltr'><strong>timeo,</strong></span> <span class='ocrx_word' id='word_1_154' title='bbox 607 1097 660 1135; x_wconf 82' lang='lat' dir='ltr'><strong>Brix.</strong></span> <span class='ocrx_word' id='word_1_155' title='bbox 674 1099 698 1136; x_wconf 82' lang='lat' dir='ltr'><strong>cle</strong></span> <span class='ocrx_word' id='word_1_156' title='bbox 710 1101 732 1136; x_wconf 87' lang='lat' dir='ltr'><strong>in</strong></span> <span class='ocrx_word' id='word_1_157' title='bbox 748 1100 776 1136; x_wconf 81' lang='lat' dir='ltr'><strong>ti-</strong></span> 
     </span>
    </p>

    <p class='ocr_par' dir='ltr' id='par_1_14' title="bbox 31 1148 776 1345">
     <span class='ocr_line' id='line_1_20' title="bbox 31 1148 776 1199; baseline 0.003 -15"><span class='ocrx_word' id='word_1_158' title='bbox 31 1180 34 1184; x_wconf 65' lang='lat'><strong>.</strong></span> <span class='ocrx_word' id='word_1_159' title='bbox 58 1167 109 1199; x_wconf 74' lang='lat' dir='ltr'><strong>meo,</strong></span> <span class='ocrx_word' id='word_1_160' title='bbox 122 1149 172 1187; x_wconf 88' lang='lat' dir='ltr'><strong>Brit.</strong></span> <span class='ocrx_word' id='word_1_161' title='bbox 189 1151 207 1187; x_wconf 86' lang='lat'><strong>1.</strong></span> <span class='ocrx_word' id='word_1_162' title='bbox 226 1151 251 1187; x_wconf 84' lang='lat' dir='ltr'><strong>de</strong></span> <span class='ocrx_word' id='word_1_163' title='bbox 262 1152 329 1191; x_wconf 81' lang='lat' dir='ltr'><strong>niteo‚·</strong></span> <span class='ocrx_word' id='word_1_164' title='bbox 354 1155 374 1186; x_wconf 92' lang='lat' dir='ltr'><strong>et</strong></span> <span class='ocrx_word' id='word_1_165' title='bbox 391 1148 481 1186; x_wconf 85' lang='lat' dir='ltr'><strong>similem</strong></span> <span class='ocrx_word' id='word_1_166' title='bbox 494 1155 574 1185; x_wconf 88' lang='lat' dir='ltr'><strong>metum</strong></span> <span class='ocrx_word' id='word_1_167' title='bbox 589 1148 697 1186; x_wconf 83' lang='lat' dir='ltr'><strong>Lueretius</strong></span> <span class='ocrx_word' id='word_1_168' title='bbox 713 1148 776 1187; x_wconf 89' lang='lat' dir='ltr'><strong>etiam</strong></span> 
     </span>
     <span class='ocr_line' id='line_1_21' title="bbox 59 1200 776 1253; baseline -0.007 -11"><span class='ocrx_word' id='word_1_169' title='bbox 59 1205 119 1253; x_wconf 57' lang='lat' dir='ltr'><strong>Ifssl.</strong></span> <span class='ocrx_word' id='word_1_170' title='bbox 132 1207 153 1239; x_wconf 88' lang='lat' dir='ltr'><strong>et</strong></span> <span class='ocrx_word' id='word_1_171' title='bbox 162 1201 206 1241; x_wconf 75' lang='lat'><strong>415.</strong></span> <span class='ocrx_word' id='word_1_172' title='bbox 216 1201 334 1250; x_wconf 81' lang='lat' dir='ltr'><strong>profitetur.</strong></span> <span class='ocrx_word' id='word_1_173' title='bbox 362 1203 431 1246; x_wconf 86' lang='lat' dir='ltr'><strong>Quum</strong></span> <span class='ocrx_word' id='word_1_174' title='bbox 444 1207 515 1237; x_wconf 88' lang='lat' dir='ltr'><strong>tamen</strong></span> <span class='ocrx_word' id='word_1_175' title='bbox 531 1202 580 1237; x_wconf 80' lang='lat' dir='ltr'><strong>Hau.</strong></span> <span class='ocrx_word' id='word_1_176' title='bbox 597 1201 705 1250; x_wconf 76' lang='lat' dir='ltr'><strong>vulgarem</strong></span> <span class='ocrx_word' id='word_1_177' title='bbox 713 1200 776 1237; x_wconf 87' lang='lat' dir='ltr'><strong>lecti-</strong></span> 
     </span>
     <span class='ocr_line' id='line_1_22' title="bbox 60 1251 776 1310; baseline -0.003 -17"><span class='ocrx_word' id='word_1_178' title='bbox 60 1267 123 1310; x_wconf 83' lang='lat' dir='ltr'><strong>onem</strong></span> <span class='ocrx_word' id='word_1_179' title='bbox 132 1253 154 1290; x_wconf 91' lang='lat' dir='ltr'><strong>in</strong></span> <span class='ocrx_word' id='word_1_180' title='bbox 166 1252 249 1304; x_wconf 84' lang='lat' dir='ltr'><strong>optimis</strong></span> <span class='ocrx_word' id='word_1_181' title='bbox 261 1252 326 1292; x_wconf 86' lang='lat' dir='ltr'><strong>Codd.</strong></span> <span class='ocrx_word' id='word_1_182' title='bbox 335 1252 377 1289; x_wconf 92' lang='lat' dir='ltr'><strong>suis</strong></span> <span class='ocrx_word' id='word_1_183' title='bbox 389 1251 491 1290; x_wconf 88' lang='lat' dir='ltr'><strong>invenisse</strong></span> <span class='ocrx_word' id='word_1_184' title='bbox 502 1251 776 1298; x_wconf 83' lang='lat' dir='ltr'><strong>videatur,nil1ilincautius</strong></span> 
     </span>
     <span class='ocr_line' id='line_1_23' title="bbox 58 1305 610 1345; baseline -0.011 0"><span class='ocrx_word' id='word_1_185' title='bbox 58 1305 191 1345; x_wconf 77' lang='lat' dir='ltr'><strong>mutaverim.</strong></span> <span class='ocrx_word' id='word_1_186' title='bbox 484 1319 485 1322; x_wconf 47' lang='lat'>¹</span> <span class='ocrx_word' id='word_1_187' title='bbox 547 1322 549 1326; x_wconf 59' lang='lat'>&gt;</span> <span class='ocrx_word' id='word_1_188' title='bbox 596 1307 610 1320; x_wconf 72' lang='grc'><strong>“</strong></span> 
     </span>
    </p>

    <p class='ocr_par' dir='ltr' id='par_1_15' title="bbox 58 1354 814 1502">
     <span class='ocr_line' id='line_1_24' title="bbox 111 1354 814 1404; baseline 0 -11"><span class='ocrx_word' id='word_1_189' title='bbox 111 1359 166 1397; x_wconf 68' lang='grc'><strong>189,4</strong></span> <span class='ocrx_word' id='word_1_190' title='bbox 182 1355 243 1393; x_wconf 82' lang='lat' dir='ltr'><strong>Wak.</strong></span> <span class='ocrx_word' id='word_1_191' title='bbox 255 1357 335 1395; x_wconf 81' lang='lat' dir='ltr'><strong>nitidae</strong></span> <span class='ocrx_word' id='word_1_192' title='bbox 344 1354 496 1403; x_wconf 85' lang='lat' dir='ltr'><strong>interpolatum</strong></span> <span class='ocrx_word' id='word_1_193' title='bbox 506 1361 565 1404; x_wconf 80' lang='lat' dir='ltr'><strong>putat</strong></span> <span class='ocrx_word' id='word_1_194' title='bbox 573 1367 597 1391; x_wconf 81' lang='lat' dir='ltr'><strong>ex</strong></span> <span class='ocrx_word' id='word_1_195' title='bbox 606 1355 622 1398; x_wconf 82' lang='lat' dir='ltr'><strong>I,</strong></span> <span class='ocrx_word' id='word_1_196' title='bbox 628 1355 679 1399; x_wconf 65' lang='lat'><strong>953..</strong></span> <span class='ocrx_word' id='word_1_197' title='bbox 686 1361 706 1392; x_wconf 94' lang='lat' dir='ltr'><strong>et</strong></span> <span class='ocrx_word' id='word_1_198' title='bbox 711 1357 777 1394; x_wconf 77' lang='lat' dir='ltr'><strong>Vero-</strong></span> <span class='ocrx_word' id='word_1_199' title='bbox 810 1395 814 1402; x_wconf 11' lang='grc' dir='ltr'><strong>,Ἴ</strong></span> 
     </span>
     <span class='ocr_line' id='line_1_25' title="bbox 58 1406 776 1455; baseline -0.004 -6"><span class='ocrx_word' id='word_1_200' title='bbox 58 1409 127 1449; x_wconf 88' lang='lat' dir='ltr'><strong>nensis</strong></span> <span class='ocrx_word' id='word_1_201' title='bbox 141 1408 256 1447; x_wconf 88' lang='lat' dir='ltr'><strong>lectionem</strong></span> <span class='ocrx_word' id='word_1_202' title='bbox 270 1410 341 1447; x_wconf 82' lang='lat' dir='ltr'><strong>itidem</strong></span> <span class='ocrx_word' id='word_1_203' title='bbox 356 1413 429 1446; x_wconf 83' lang='lat' dir='ltr'><strong>veram</strong></span> <span class='ocrx_word' id='word_1_204' title='bbox 444 1406 520 1455; x_wconf 85' lang='lat' dir='ltr'><strong>habet,</strong></span> <span class='ocrx_word' id='word_1_205' title='bbox 540 1407 598 1444; x_wconf 87' lang='lat' dir='ltr'><strong>hiatu</strong></span> <span class='ocrx_word' id='word_1_206' title='bbox 613 1407 715 1455; x_wconf 78' lang='lat' dir='ltr'><strong>admisso3</strong></span> <span class='ocrx_word' id='word_1_207' title='bbox 733 1420 776 1446; x_wconf 89' lang='lat' dir='ltr'><strong>non</strong></span> 
     </span>
     <span class='ocr_line' id='line_1_26' title="bbox 59 1462 734 1502; baseline -0.01 0"><span class='ocrx_word' id='word_1_208' title='bbox 59 1462 167 1502; x_wconf 82' lang='lat' dir='ltr'><strong>assentior.</strong></span> <span class='ocrx_word' id='word_1_209' title='bbox 726 1469 734 1474; x_wconf 85' lang='grc'><em>·</em></span> 
     </span>
    </p>

    <p class='ocr_par' dir='ltr' id='par_1_16' title="bbox 111 1508 681 1564">
     <span class='ocr_line' id='line_1_27' title="bbox 111 1508 681 1564; baseline -0.011 -11"><span class='ocrx_word' id='word_1_210' title='bbox 111 1516 156 1553; x_wconf 80' lang='lat'><strong>190.</strong></span> <span class='ocrx_word' id='word_1_211' title='bbox 187 1511 247 1550; x_wconf 79' lang='lat' dir='ltr'><strong>Wak.</strong></span> <span class='ocrx_word' id='word_1_212' title='bbox 260 1512 314 1550; x_wconf 88' lang='lat' dir='ltr'><strong>coni.</strong></span> <span class='ocrx_word' id='word_1_213' title='bbox 322 1514 423 1564; x_wconf 76' lang='lat' dir='ltr'><strong>pondere,</strong></span> <span class='ocrx_word' id='word_1_214' title='bbox 436 1510 480 1548; x_wconf 89' lang='lat' dir='ltr'><strong>sine</strong></span> <span class='ocrx_word' id='word_1_215' title='bbox 493 1521 555 1547; x_wconf 85' lang='lat' dir='ltr'><strong>causa</strong></span> <span class='ocrx_word' id='word_1_216' title='bbox 565 1508 647 1548; x_wconf 86' lang='lat' dir='ltr'><strong>idonea.</strong></span> <span class='ocrx_word' id='word_1_217' title='bbox 679 1516 681 1518; x_wconf 77' lang='grc'><strong>’</strong></span> 
     </span>
    </p>

    <p class='ocr_par' dir='ltr' id='par_1_17' title="bbox 58 1561 777 1812">
     <span class='ocr_line' id='line_1_28' title="bbox 111 1561 776 1617; baseline -0.005 -12"><span class='ocrx_word' id='word_1_218' title='bbox 111 1568 155 1606; x_wconf 82' lang='grc'>193.</span> <span class='ocrx_word' id='word_1_219' title='bbox 181 1565 301 1617; x_wconf 80' lang='lat' dir='ltr'><strong>subigente]</strong></span> <span class='ocrx_word' id='word_1_220' title='bbox 317 1566 346 1601; x_wconf 82' lang='lat' dir='ltr'><strong>sic</strong></span> <span class='ocrx_word' id='word_1_221' title='bbox 356 1563 427 1601; x_wconf 88' lang='lat' dir='ltr'><strong>Lamb.</strong></span> <span class='ocrx_word' id='word_1_222' title='bbox 441 1576 465 1600; x_wconf 86' lang='lat' dir='ltr'><strong>ex</strong></span> <span class='ocrx_word' id='word_1_223' title='bbox 475 1564 517 1599; x_wconf 83' lang='lat' dir='ltr'><strong>niro</strong></span> <span class='ocrx_word' id='word_1_224' title='bbox 530 1561 589 1610; x_wconf 86' lang='lat' dir='ltr'><strong>Cod„</strong></span> <span class='ocrx_word' id='word_1_225' title='bbox 603 1575 643 1600; x_wconf 86' lang='lat' dir='ltr'><strong>nec</strong></span> <span class='ocrx_word' id='word_1_226' title='bbox 653 1562 713 1609; x_wconf 78' lang='lat' dir='ltr'><strong>aliter</strong></span> <span class='ocrx_word' id='word_1_227' title='bbox 724 1562 776 1603; x_wconf 85' lang='lat' dir='ltr'><strong>God.</strong></span> 
     </span>
     <span class='ocr_line' id='line_1_29' title="bbox 60 1614 777 1668; baseline -0.006 -12"><span class='ocrx_word' id='word_1_228' title='bbox 60 1618 131 1666; x_wconf 69' lang='lat' dir='ltr'><strong>Gott,</strong></span> <span class='ocrx_word' id='word_1_229' title='bbox 146 1629 210 1668; x_wconf 84' lang='lat' dir='ltr'><strong>quare</strong></span> <span class='ocrx_word' id='word_1_230' title='bbox 220 1630 262 1653; x_wconf 88' lang='lat' dir='ltr'><strong>non</strong></span> <span class='ocrx_word' id='word_1_231' title='bbox 272 1616 372 1663; x_wconf 81' lang='lat' dir='ltr'><strong>dubitavi,</strong></span> <span class='ocrx_word' id='word_1_232' title='bbox 387 1628 436 1652; x_wconf 86' lang='lat' dir='ltr'><strong>cum</strong></span> <span class='ocrx_word' id='word_1_233' title='bbox 445 1614 520 1651; x_wconf 78' lang='lat' dir='ltr'><strong>Eiclrst.</strong></span> <span class='ocrx_word' id='word_1_234' title='bbox 531 1614 586 1651; x_wconf 83' lang='lat' dir='ltr'><strong>hanc</strong></span> <span class='ocrx_word' id='word_1_235' title='bbox 594 1615 700 1665; x_wconf 83' lang='lat' dir='ltr'><strong>vulgarem</strong></span> <span class='ocrx_word' id='word_1_236' title='bbox 715 1614 777 1652; x_wconf 86' lang='lat' dir='ltr'><strong>resti-</strong></span> 
     </span>
     <span class='ocr_line' id='line_1_30' title="bbox 58 1667 776 1718; baseline -0.006 -10"><span class='ocrx_word' id='word_1_237' title='bbox 58 1676 126 1708; x_wconf 85' lang='lat' dir='ltr'><strong>tuere.</strong></span> <span class='ocrx_word' id='word_1_238' title='bbox 152 1668 220 1713; x_wconf 62' lang='lat' dir='ltr'><strong>Wak„</strong></span> <span class='ocrx_word' id='word_1_239' title='bbox 238 1682 302 1718; x_wconf 87' lang='lat' dir='ltr'><strong>quum</strong></span> <span class='ocrx_word' id='word_1_240' title='bbox 314 1667 378 1706; x_wconf 86' lang='lat' dir='ltr'><strong>ceteri</strong></span> <span class='ocrx_word' id='word_1_241' title='bbox 389 1667 438 1704; x_wconf 86' lang='lat' dir='ltr'><strong>libri</strong></span> <span class='ocrx_word' id='word_1_242' title='bbox 449 1679 521 1703; x_wconf 89' lang='lat' dir='ltr'><strong>omnes</strong></span> <span class='ocrx_word' id='word_1_243' title='bbox 528 1668 620 1704; x_wconf 60' lang='lat' dir='ltr'><strong>subnata</strong></span> <span class='ocrx_word' id='word_1_244' title='bbox 629 1667 748 1716; x_wconf 83' lang='lat' dir='ltr'><strong>praebeant,</strong></span> <span class='ocrx_word' id='word_1_245' title='bbox 765 1679 776 1704; x_wconf 93' lang='lat' dir='ltr'><strong>e</strong></span> 
     </span>
     <span class='ocr_line' id='line_1_31' title="bbox 59 1718 776 1770; baseline -0.006 -10"><span class='ocrx_word' id='word_1_246' title='bbox 59 1722 181 1766; x_wconf 85' lang='lat' dir='ltr'><strong>coniectura</strong></span> <span class='ocrx_word' id='word_1_247' title='bbox 197 1719 262 1757; x_wconf 85' lang='lat' dir='ltr'><strong>edidit</strong></span> <span class='ocrx_word' id='word_1_248' title='bbox 275 1723 377 1764; x_wconf 63' lang='lat' dir='ltr'><strong>subirente</strong></span> <span class='ocrx_word' id='word_1_249' title='bbox 392 1732 430 1770; x_wconf 89' lang='lat' dir='ltr'><strong>pro</strong></span> <span class='ocrx_word' id='word_1_250' title='bbox 441 1731 462 1756; x_wconf 88' lang='lat' dir='ltr'><strong>se</strong></span> <span class='ocrx_word' id='word_1_251' title='bbox 471 1718 701 1768; x_wconf 79' lang='lat' dir='ltr'><strong>subiicientepositum‚</strong></span> <span class='ocrx_word' id='word_1_252' title='bbox 719 1718 776 1769; x_wconf 82' lang='lat' dir='ltr'><strong>quod</strong></span> 
     </span>
     <span class='ocr_line' id='line_1_32' title="bbox 59 1771 298 1812; baseline -0.025 0"><span class='ocrx_word' id='word_1_253' title='bbox 59 1773 158 1812; x_wconf 85' lang='lat' dir='ltr'><strong>audacius</strong></span> <span class='ocrx_word' id='word_1_254' title='bbox 167 1771 255 1811; x_wconf 87' lang='lat' dir='ltr'><strong>videtur.</strong></span> <span class='ocrx_word' id='word_1_255' title='bbox 297 1778 298 1782; x_wconf 76' lang='grc'>’</span> 
     </span>
    </p>

    <p class='ocr_par' dir='ltr' id='par_1_18' title="bbox 59 1818 776 1979">
     <span class='ocr_line' id='line_1_33' title="bbox 113 1818 775 1878; baseline -0.011 -13"><span class='ocrx_word' id='word_1_256' title='bbox 113 1818 157 1865; x_wconf 68' lang='lat' dir='ltr'><strong>194ss</strong></span> <span class='ocrx_word' id='word_1_257' title='bbox 185 1840 243 1878; x_wconf 87' lang='lat' dir='ltr'><strong>quom</strong></span> <span class='ocrx_word' id='word_1_258' title='bbox 253 1823 334 1873; x_wconf 71' lang='lat' dir='ltr'><strong>minus]</strong></span> <span class='ocrx_word' id='word_1_259' title='bbox 349 1822 378 1861; x_wconf 84' lang='lat' dir='ltr'><strong>sin</strong></span> <span class='ocrx_word' id='word_1_260' title='bbox 387 1822 463 1859; x_wconf 83' lang='lat' dir='ltr'><strong>diserte</strong></span> <span class='ocrx_word' id='word_1_261' title='bbox 473 1819 524 1859; x_wconf 86' lang='lat' dir='ltr'><strong>Cod.</strong></span> <span class='ocrx_word' id='word_1_262' title='bbox 532 1820 580 1857; x_wconf 87' lang='lat' dir='ltr'><strong>Brit.</strong></span> <span class='ocrx_word' id='word_1_263' title='bbox 589 1821 608 1859; x_wconf 86' lang='lat'><strong>3.</strong></span> <span class='ocrx_word' id='word_1_264' title='bbox 621 1827 641 1858; x_wconf 91' lang='lat' dir='ltr'><strong>et</strong></span> <span class='ocrx_word' id='word_1_265' title='bbox 651 1820 699 1860; x_wconf 85' lang='lat' dir='ltr'><strong>edit.</strong></span> <span class='ocrx_word' id='word_1_266' title='bbox 708 1820 775 1869; x_wconf 85' lang='lat' dir='ltr'><strong>Brix.;</strong></span> 
     </span>
     <span class='ocr_line' id='line_1_34' title="bbox 59 1873 776 1926; baseline -0.006 -11"><span class='ocrx_word' id='word_1_267' title='bbox 59 1876 108 1916; x_wconf 81' lang='lat' dir='ltr'><strong>Brit.</strong></span> <span class='ocrx_word' id='word_1_268' title='bbox 123 1879 141 1916; x_wconf 88' lang='lat'><strong>1.</strong></span> <span class='ocrx_word' id='word_1_269' title='bbox 153 1879 170 1916; x_wconf 75' lang='lat'><strong>2.</strong></span> <span class='ocrx_word' id='word_1_270' title='bbox 182 1880 306 1922; x_wconf 67' lang='lat' dir='ltr'><strong>neminimus,</strong></span> <span class='ocrx_word' id='word_1_271' title='bbox 321 1888 374 1926; x_wconf 89' lang='lat' dir='ltr'><strong>quae</strong></span> <span class='ocrx_word' id='word_1_272' title='bbox 386 1873 516 1913; x_wconf 83' lang='lat' dir='ltr'><strong>Wakefieldo</strong></span> <span class='ocrx_word' id='word_1_273' title='bbox 527 1873 649 1924; x_wconf 83' lang='lat' dir='ltr'><strong>antiquioris</strong></span> <span class='ocrx_word' id='word_1_274' title='bbox 662 1873 776 1923; x_wconf 82' lang='lat' dir='ltr'><strong>scripturae</strong></span> 
     </span>
     <span class='ocr_line' id='line_1_35' title="bbox 59 1925 746 1979; baseline -0.013 -11"><span class='ocrx_word' id='word_1_275' title='bbox 59 1929 110 1968; x_wconf 88' lang='lat' dir='ltr'><strong>levis</strong></span> <span class='ocrx_word' id='word_1_276' title='bbox 123 1928 243 1979; x_wconf 80' lang='lat' dir='ltr'><strong>depravatio</strong></span> <span class='ocrx_word' id='word_1_277' title='bbox 256 1929 344 1966; x_wconf 89' lang='lat' dir='ltr'><strong>videtur.</strong></span> <span class='ocrx_word' id='word_1_278' title='bbox 741 1925 746 1933; x_wconf 84' lang='lat'><strong><em>‘</em></strong></span> 
     </span>
    </p>

    <p class='ocr_par' dir='ltr' id='par_1_19' title="bbox 60 1975 776 2136">
     <span class='ocr_line' id='line_1_36' title="bbox 113 1975 776 2027; baseline -0.008 -7"><span class='ocrx_word' id='word_1_279' title='bbox 113 1983 155 2020; x_wconf 79' lang='lat'><strong>197.</strong></span> <span class='ocrx_word' id='word_1_280' title='bbox 182 1983 230 2020; x_wconf 83' lang='lat' dir='ltr'><strong>Non</strong></span> <span class='ocrx_word' id='word_1_281' title='bbox 242 1981 301 2018; x_wconf 86' lang='lat' dir='ltr'><strong>Wak.</strong></span> <span class='ocrx_word' id='word_1_282' title='bbox 313 1979 378 2017; x_wconf 86' lang='lat' dir='ltr'><strong>edidit</strong></span> <span class='ocrx_word' id='word_1_283' title='bbox 389 1987 416 2016; x_wconf 82' lang='lat' dir='ltr'><strong>ex</strong></span> <span class='ocrx_word' id='word_1_284' title='bbox 425 1991 468 2015; x_wconf 91' lang='lat' dir='ltr'><strong>uno</strong></span> <span class='ocrx_word' id='word_1_285' title='bbox 487 1976 538 2014; x_wconf 92' lang='lat' dir='ltr'><strong>Cod.</strong></span> <span class='ocrx_word' id='word_1_286' title='bbox 555 1975 603 2013; x_wconf 88' lang='lat' dir='ltr'><strong>Brit.</strong></span> <span class='ocrx_word' id='word_1_287' title='bbox 617 1977 651 2022; x_wconf 73' lang='grc'><strong>2.,</strong></span> <span class='ocrx_word' id='word_1_288' title='bbox 664 1989 704 2014; x_wconf 84' lang='lat' dir='ltr'><strong>nec</strong></span> <span class='ocrx_word' id='word_1_289' title='bbox 717 1975 776 2027; x_wconf 84' lang='lat' dir='ltr'><strong>potui</strong></span> 
     </span>
     <span class='ocr_line' id='line_1_37' title="bbox 60 2027 776 2084; baseline -0.004 -14"><span class='ocrx_word' id='word_1_290' title='bbox 60 2045 103 2070; x_wconf 88' lang='lat' dir='ltr'><strong>non</strong></span> <span class='ocrx_word' id='word_1_291' title='bbox 120 2032 294 2084; x_wconf 79' lang='lat' dir='ltr'><strong>elegantissimam</strong></span> <span class='ocrx_word' id='word_1_292' title='bbox 309 2032 423 2069; x_wconf 86' lang='lat' dir='ltr'><strong>lectionem</strong></span> <span class='ocrx_word' id='word_1_293' title='bbox 439 2029 541 2073; x_wconf 87' lang='lat' dir='ltr'><strong>retinere;</strong></span> <span class='ocrx_word' id='word_1_294' title='bbox 562 2028 626 2065; x_wconf 86' lang='lat' dir='ltr'><strong>ceteri</strong></span> <span class='ocrx_word' id='word_1_295' title='bbox 640 2027 689 2065; x_wconf 90' lang='lat' dir='ltr'><strong>libri</strong></span> <span class='ocrx_word' id='word_1_296' title='bbox 705 2041 776 2067; x_wconf 91' lang='lat' dir='ltr'><strong>omnes</strong></span> 
     </span>
     <span class='ocr_line' id='line_1_38' title="bbox 60 2079 776 2136; baseline -0.007 -12"><span class='ocrx_word' id='word_1_297' title='bbox 60 2087 155 2124; x_wconf 70' lang='lat' dir='ltr'><strong>Num-</strong></span> <span class='ocrx_word' id='word_1_298' title='bbox 168 2099 207 2136; x_wconf 80' lang='lat' dir='ltr'><strong>quo</strong></span> <span class='ocrx_word' id='word_1_299' title='bbox 220 2083 283 2122; x_wconf 89' lang='lat' dir='ltr'><strong>lectio</strong></span> <span class='ocrx_word' id='word_1_300' title='bbox 300 2091 330 2121; x_wconf 88' lang='lat' dir='ltr'><strong>est</strong></span> <span class='ocrx_word' id='word_1_301' title='bbox 345 2084 451 2130; x_wconf 88' lang='lat' dir='ltr'><strong>omnium,</strong></span> <span class='ocrx_word' id='word_1_302' title='bbox 470 2088 493 2118; x_wconf 92' lang='lat' dir='ltr'><strong>ut</strong></span> <span class='ocrx_word' id='word_1_303' title='bbox 506 2081 598 2126; x_wconf 79' lang='lat' dir='ltr'><strong>videtur,</strong></span> <span class='ocrx_word' id='word_1_304' title='bbox 613 2079 676 2117; x_wconf 89' lang='lat' dir='ltr'><strong>Codd.</strong></span> <span class='ocrx_word' id='word_1_305' title='bbox 693 2086 713 2117; x_wconf 93' lang='lat' dir='ltr'><strong>et</strong></span> <span class='ocrx_word' id='word_1_306' title='bbox 727 2087 776 2121; x_wconf 84' lang='lat' dir='ltr'><strong>vett.</strong></span> 
     </span>
    </p>

    <p class='ocr_par' dir='ltr' id='par_1_20' title="bbox 41 2131 778 2552">
     <span class='ocr_line' id='line_1_39' title="bbox 41 2131 776 2184; baseline -0.008 -11"><span class='ocrx_word' id='word_1_307' title='bbox 41 2174 43 2179; x_wconf 62' lang='grc'>,</span> <span class='ocrx_word' id='word_1_308' title='bbox 61 2135 134 2183; x_wconf 77' lang='lat' dir='ltr'><strong>edin,</strong></span> <span class='ocrx_word' id='word_1_309' title='bbox 148 2148 160 2172; x_wconf 89' lang='lat' dir='ltr'><strong>a</strong></span> <span class='ocrx_word' id='word_1_310' title='bbox 174 2135 232 2172; x_wconf 55' lang='lat' dir='ltr'><strong>tllak.</strong></span> <span class='ocrx_word' id='word_1_311' title='bbox 248 2143 306 2174; x_wconf 89' lang='lat' dir='ltr'><strong>reete</strong></span> <span class='ocrx_word' id='word_1_312' title='bbox 321 2143 432 2182; x_wconf 84' lang='lat' dir='ltr'><strong>revocata;</strong></span> <span class='ocrx_word' id='word_1_313' title='bbox 452 2133 548 2181; x_wconf 73' lang='lat' dir='ltr'><strong>vulgares</strong></span> <span class='ocrx_word' id='word_1_314' title='bbox 564 2131 619 2168; x_wconf 90' lang='lat' dir='ltr'><strong>enim</strong></span> <span class='ocrx_word' id='word_1_315' title='bbox 636 2132 693 2170; x_wconf 83' lang='lat' dir='ltr'><strong>editt.</strong></span> <span class='ocrx_word' id='word_1_316' title='bbox 709 2148 776 2184; x_wconf 74' lang='lat' dir='ltr'><strong>qnam,</strong></span> 
     </span>
     <span class='ocr_line' id='line_1_40' title="bbox 62 2183 775 2232; baseline -0.004 -7"><span class='ocrx_word' id='word_1_317' title='bbox 62 2199 87 2225; x_wconf 86' lang='lat' dir='ltr'><strong>ex</strong></span> <span class='ocrx_word' id='word_1_318' title='bbox 97 2187 191 2223; x_wconf 85' lang='lat' dir='ltr'><strong>Lambini</strong></span> <span class='ocrx_word' id='word_1_319' title='bbox 201 2188 255 2229; x_wconf 82' lang='lat' dir='ltr'><strong>coni.</strong></span> <span class='ocrx_word' id='word_1_320' title='bbox 266 2211 291 2216; x_wconf 92' lang='lat'>-</span> <span class='ocrx_word' id='word_1_321' title='bbox 306 2192 394 2227; x_wconf 72' lang='lat' dir='ltr'><strong>ursimus</strong></span> <span class='ocrx_word' id='word_1_322' title='bbox 402 2187 459 2224; x_wconf 84' lang='lat' dir='ltr'><strong>idem</strong></span> <span class='ocrx_word' id='word_1_323' title='bbox 469 2184 529 2221; x_wconf 82' lang='lat' dir='ltr'><strong>Wak.</strong></span> <span class='ocrx_word' id='word_1_324' title='bbox 540 2183 621 2232; x_wconf 87' lang='lat' dir='ltr'><strong>recepit</strong></span> <span class='ocrx_word' id='word_1_325' title='bbox 636 2196 647 2221; x_wconf 94' lang='lat' dir='ltr'><strong>e</strong></span> <span class='ocrx_word' id='word_1_326' title='bbox 662 2184 691 2221; x_wconf 88' lang='lat' dir='ltr'><strong>Pii</strong></span> <span class='ocrx_word' id='word_1_327' title='bbox 700 2184 775 2231; x_wconf 81' lang='lat' dir='ltr'><strong>Codd.;</strong></span> 
     </span>
     <span class='ocr_line' id='line_1_41' title="bbox 60 2235 777 2292; baseline -0.001 -16"><span class='ocrx_word' id='word_1_328' title='bbox 60 2238 137 2289; x_wconf 83' lang='lat' dir='ltr'><strong>reliqui</strong></span> <span class='ocrx_word' id='word_1_329' title='bbox 150 2239 198 2275; x_wconf 90' lang='lat' dir='ltr'><strong>libri</strong></span> <span class='ocrx_word' id='word_1_330' title='bbox 215 2243 315 2292; x_wconf 77' lang='lat' dir='ltr'><strong>urgimns,</strong></span> <span class='ocrx_word' id='word_1_331' title='bbox 341 2241 400 2277; x_wconf 88' lang='lat' dir='ltr'><strong>editt.</strong></span> <span class='ocrx_word' id='word_1_332' title='bbox 417 2240 471 2275; x_wconf 86' lang='lat' dir='ltr'><strong>lunt.</strong></span> <span class='ocrx_word' id='word_1_333' title='bbox 488 2242 508 2273; x_wconf 91' lang='lat' dir='ltr'><strong>et</strong></span> <span class='ocrx_word' id='word_1_334' title='bbox 523 2235 569 2272; x_wconf 87' lang='lat' dir='ltr'><strong>Ald.</strong></span> <span class='ocrx_word' id='word_1_335' title='bbox 589 2237 608 2275; x_wconf 76' lang='grc'><strong>2,</strong></span> <span class='ocrx_word' id='word_1_336' title='bbox 627 2239 736 2289; x_wconf 72' lang='lat' dir='ltr'><strong>arguimus.</strong></span> <span class='ocrx_word' id='word_1_337' title='bbox 750 2257 777 2264; x_wconf 85' lang='lat'>-</span> 
     </span>
     <span class='ocr_line' id='line_1_42' title="bbox 62 2287 777 2340; baseline -0.004 -10"><span class='ocrx_word' id='word_1_338' title='bbox 62 2289 140 2338; x_wconf 81' lang='lat' dir='ltr'><strong>altum]</strong></span> <span class='ocrx_word' id='word_1_339' title='bbox 154 2289 233 2340; x_wconf 79' lang='lat' dir='ltr'><strong>siniam</strong></span> <span class='ocrx_word' id='word_1_340' title='bbox 245 2292 345 2337; x_wconf 67' lang='lat' dir='ltr'><strong>Lambim</strong></span> <span class='ocrx_word' id='word_1_341' title='bbox 356 2288 523 2339; x_wconf 85' lang='lat' dir='ltr'><strong>etcomprobant</strong></span> <span class='ocrx_word' id='word_1_342' title='bbox 532 2287 586 2323; x_wconf 80' lang='lat' dir='ltr'><strong>hanc</strong></span> <span class='ocrx_word' id='word_1_343' title='bbox 595 2287 706 2325; x_wconf 85' lang='lat' dir='ltr'><strong>lectionem</strong></span> <span class='ocrx_word' id='word_1_344' title='bbox 718 2288 777 2327; x_wconf 88' lang='lat' dir='ltr'><strong>editt.</strong></span> 
     </span>
     <span class='ocr_line' id='line_1_43' title="bbox 60 2339 777 2391; baseline -0.003 -10"><span class='ocrx_word' id='word_1_345' title='bbox 60 2342 126 2381; x_wconf 88' lang='lat' dir='ltr'><strong>modo</strong></span> <span class='ocrx_word' id='word_1_346' title='bbox 138 2354 227 2386; x_wconf 85' lang='lat' dir='ltr'><strong>eornm.;</strong></span> <span class='ocrx_word' id='word_1_347' title='bbox 240 2355 279 2380; x_wconf 83' lang='lat' dir='ltr'><strong>nec</strong></span> <span class='ocrx_word' id='word_1_348' title='bbox 289 2343 345 2380; x_wconf 86' lang='lat' dir='ltr'><strong>aliud</strong></span> <span class='ocrx_word' id='word_1_349' title='bbox 357 2343 395 2380; x_wconf 88' lang='lat' dir='ltr'><strong>sibi</strong></span> <span class='ocrx_word' id='word_1_350' title='bbox 406 2342 460 2380; x_wconf 87' lang='lat' dir='ltr'><strong>velle</strong></span> <span class='ocrx_word' id='word_1_351' title='bbox 471 2339 568 2390; x_wconf 81' lang='lat' dir='ltr'><strong>videntur</strong></span> <span class='ocrx_word' id='word_1_352' title='bbox 578 2339 642 2391; x_wconf 85' lang='lat' dir='ltr'><strong>Lugd.</strong></span> <span class='ocrx_word' id='word_1_353' title='bbox 656 2341 673 2379; x_wconf 85' lang='lat'><strong>1.</strong></span> <span class='ocrx_word' id='word_1_354' title='bbox 686 2342 705 2379; x_wconf 71' lang='grc'><strong>2.</strong></span> <span class='ocrx_word' id='word_1_355' title='bbox 719 2343 777 2379; x_wconf 88' lang='lat' dir='ltr'><strong>Cant.</strong></span> 
     </span>
     <span class='ocr_line' id='line_1_44' title="bbox 63 2390 778 2443; baseline -0.007 -11"><span class='ocrx_word' id='word_1_356' title='bbox 63 2396 97 2443; x_wconf 90' lang='lat' dir='ltr'><strong>(et</strong></span> <span class='ocrx_word' id='word_1_357' title='bbox 106 2391 155 2431; x_wconf 83' lang='lat' dir='ltr'><strong>Brit.</strong></span> <span class='ocrx_word' id='word_1_358' title='bbox 164 2395 184 2432; x_wconf 71' lang='lat'><strong>2.</strong></span> <span class='ocrx_word' id='word_1_359' title='bbox 195 2405 243 2430; x_wconf 86' lang='lat' dir='ltr'><strong>cnm</strong></span> <span class='ocrx_word' id='word_1_360' title='bbox 254 2395 311 2432; x_wconf 86' lang='lat' dir='ltr'><strong>editt.</strong></span> <span class='ocrx_word' id='word_1_361' title='bbox 322 2399 369 2434; x_wconf 85' lang='lat' dir='ltr'><strong>Ver.</strong></span> <span class='ocrx_word' id='word_1_362' title='bbox 382 2396 433 2432; x_wconf 89' lang='lat' dir='ltr'><strong>Ven.</strong></span> <span class='ocrx_word' id='word_1_363' title='bbox 444 2393 465 2430; x_wconf 87' lang='lat' dir='ltr'><strong>in</strong></span> <span class='ocrx_word' id='word_1_364' title='bbox 476 2390 571 2443; x_wconf 81' lang='lat' dir='ltr'><strong>margine</strong></span> <span class='ocrx_word' id='word_1_365' title='bbox 583 2392 646 2441; x_wconf 83' lang='lat' dir='ltr'><strong>certe)</strong></span> <span class='ocrx_word' id='word_1_366' title='bbox 661 2394 705 2430; x_wconf 80' lang='lat' dir='ltr'><strong>altu</strong></span> <span class='ocrx_word' id='word_1_367' title='bbox 715 2403 778 2441; x_wconf 88' lang='lat' dir='ltr'><strong>prae-</strong></span> 
     </span>
     <span class='ocr_line' id='line_1_45' title="bbox 60 2443 778 2496; baseline -0.007 -11"><span class='ocrx_word' id='word_1_368' title='bbox 60 2447 135 2486; x_wconf 80' lang='lat' dir='ltr'><strong>bentes</strong></span> <span class='ocrx_word' id='word_1_369' title='bbox 149 2446 175 2494; x_wconf 87' lang='lat' dir='ltr'><strong>(i.</strong></span> <span class='ocrx_word' id='word_1_370' title='bbox 185 2445 282 2493; x_wconf 65' lang='lat' dir='ltr'><strong>ualui),</strong></span> <span class='ocrx_word' id='word_1_371' title='bbox 307 2447 362 2484; x_wconf 84' lang='lat' dir='ltr'><strong>unde</strong></span> <span class='ocrx_word' id='word_1_372' title='bbox 376 2447 458 2484; x_wconf 81' lang='lat' dir='ltr'><strong>factum</strong></span> <span class='ocrx_word' id='word_1_373' title='bbox 471 2451 522 2496; x_wconf 87' lang='lat' dir='ltr'><strong>puto</strong></span> <span class='ocrx_word' id='word_1_374' title='bbox 537 2450 658 2482; x_wconf 73' lang='lat' dir='ltr'><strong>&#39;ceterorum</strong></span> <span class='ocrx_word' id='word_1_375' title='bbox 672 2443 778 2481; x_wconf 89' lang='lat' dir='ltr'><strong>librorum</strong></span> 
     </span>
     <span class='ocr_line' id='line_1_46' title="bbox 61 2496 425 2552; baseline 0 -13"><span class='ocrx_word' id='word_1_376' title='bbox 61 2501 112 2552; x_wconf 71' lang='lat' dir='ltr'><strong>elta,</strong></span> <span class='ocrx_word' id='word_1_377' title='bbox 126 2504 147 2536; x_wconf 91' lang='lat' dir='ltr'><strong>et</strong></span> <span class='ocrx_word' id='word_1_378' title='bbox 157 2496 215 2536; x_wconf 88' lang='lat' dir='ltr'><strong>editt.</strong></span> <span class='ocrx_word' id='word_1_379' title='bbox 224 2497 269 2538; x_wconf 84' lang='lat' dir='ltr'><strong>Atd.</strong></span> <span class='ocrx_word' id='word_1_380' title='bbox 280 2500 297 2539; x_wconf 85' lang='lat'><strong>1.</strong></span> <span class='ocrx_word' id='word_1_381' title='bbox 310 2501 359 2537; x_wconf 84' lang='lat' dir='ltr'><strong>Bon.</strong></span> <span class='ocrx_word' id='word_1_382' title='bbox 373 2502 425 2540; x_wconf 68' lang='lat' dir='ltr'><strong>alte.⁴</strong></span> 
     </span>
    </p>
   </div>
   <div class='ocr_carea' id='block_1_7' title="bbox 0 0 853 2654">
    <p class='ocr_par' dir='ltr' id='par_1_21' title="bbox 0 0 853 2654">
     <span class='ocr_line' id='line_1_47' title="bbox 0 0 853 2654; baseline 0 0"><span class='ocrx_word' id='word_1_383' title='bbox 0 0 853 2654; x_wconf 95' lang='lat' dir='ltr'><strong> </strong></span> 
     </span>
    </p>
   </div>
  </div>
 </body>
</html>
