1690 2654
216 99 594 182 numruuuraarruu.
719 113 768 161 287

51 225 91 277 sit,-
108 227 213 280 quitata
223 232 304 283 pariter
318 245 356 284 pro
372 243 416 272 tum
431 237 536 282 usurpent.
564 227 622 268 Libri
638 238 710 266 omnes
726 225 767 274 ubi,

51 287 134 329 praeter
144 285 198 322 lunt.
208 291 229 321 et
242 284 286 325 nid.
296 287 327 332 2.,
342 297 395 335 quae
405 285 448 322 iem
458 283 566 333 vulgarem
579 284 617 320 tibi
632 280 741 326 exhibent,
755 291 767 316 e
831 282 835 291 ⁴

50 332 140 381 Marulli,
153 341 177 372 ut
188 335 277 385 videtur,
285 337 414 374 *coniectura
425 348 468 373 non
479 335 604 385 inelegante.

103 399 134 437 30.
147 411 252 451 patens-
261 421 287 428 -
294 410 371 438 retecta
379 396 416 450 est]
428 398 492 436 lectio
497 398 601 434 librorum
609 396 654 434 fere
664 394 765 445 omnium,

51 461 64 485 a
71 449 132 487 Wak.
142 451 164 486 in
176 455 294 486 contextum
307 457 411 487 revocata.
434 449 499 500 Lugd.
512 451 531 487 1.
542 450 561 486 2.
572 454 593 484 et
604 448 622 484 V
624 460 652 485 er.
663 459 765 496 recteest,

50 503 101 542 Ven.
116 511 194 541 retorta
208 512 250 548 est,
270 500 315 538 Ald.
327 503 346 541 1.
359 508 380 539 et
389 504 439 540 Bon.
453 512 530 540 retecta
540 514 571 547 es,
590 499 646 538 lunt.
659 505 679 536 et
689 499 734 537 Ald.
745 495 766 539 2.

50 563 129 593 retecta
145 551 235 599 (omisso
246 553 297 601 est).
317 552 385 605 Vulgo
396 558 470 591 contra
478 551 542 611 libros
553 550 621 588 editur
629 561 689 603 patet
701 572 728 579 -—
742 572 763 579 -

50 613 147 745 'Zilis
156 654 180 694 31
192 652 261 695 -34,
286 654 390 694 iterantur
400 647 457 694 infra
467 655 501 703 IV,
510 655 611 711 267-29.
630 651 690 693 Conf.
703 652 767 692 etiam

51 709 77 755 1,
102 706 136 798 dd,
148 706 238 809 iiiam]
252 758 316 810 Lugd.
324 760 343 798 2.
356 757 439 797 etBodl.
452 768 548 802 aereum,-
561 756 626 794 ceteri
634 756 684 795 libri
694 769 766 796 omnes

52 811 141 857 alterno,
160 810 216 861 quod
231 810 301 850 Gifau.
317 817 375 848 recte
395 810 498 848 deducere
515 809 597 847 videtur
613 821 637 846 ex
652 809 766 860 antiquiori

52 862 155 911 scriptura
167 865 253 901 alterno.
281 866 377 901 Ceterum
387 863 463 910 nescio,
474 862 508 900 cui
519 860 628 898 meliorem
639 861 767 911 scripturam

53 913 184 1005 pppgatppup,
190 926 254 1015 qpptp
263 915 337 956 Lamb.
347 915 391 953 iam
406 920 565 954 commemorat.
592 911 653 962 (tid.
666 914 730 951 etiam
740 916 767 963 Il,

105 992 109 1001 .
184 994 189 1013 ,
214 994 232 1015 Ι,

102 1030 135 1069 39,
161 1031 275 1082 suffendens
287 1029 378 1082 vulgaris
387 1029 451 1068 lectio
464 1033 500 1079 est,
514 1041 577 1081 quam
590 1040 638 1067 cum
645 1028 722 1067 Orellio
732 1041 766 1067 re-

51 1079 127 1119 stitui..
143 1081 176 1119 Sic
192 1080 247 1120 enim
263 1084 323 1121 Pocr.
339 1084 398 1124 Cant.
416 1088 437 1120 et
451 1081 497 1121 Ald.
514 1084 532 1122 1.
543 1084 562 1121 2.
576 1084 625 1120 Bon.
641 1084 707 1130 lunt,
726 1094 767 1120 nec

51 1133 143 1171 multum
154 1133 259 1184 discrepat
268 1129 362 1172 omnidm
373 1134 504 1185 reliquorum
515 1135 641 1185 suffimdons,
656 1139 678 1171 et
689 1133 766 1186 fragm.

51 1184 112 1223 Vind.
122 1186 260 1246 szrbffundans,
281 1185 354 1235 Wak„
369 1199 431 1237 quem
442 1185 518 1224 Eichst.
527 1186 633 1236 sequitur,
647 1186 766 1238 subfuscans

53 1236 117 1275 edidit
126 1248 137 1274 e
147 1237 274 1278 coniectura.
301 1238 341 1276 Sed
354 1238 412 1276 recte
423 1237 485 1276 Orell.
494 1243 596 1289 provocat
607 1236 634 1276 ad
644 1237 767 1277 Lucretium

51 1288 121 1338 ipsum
131 1290 170 1338 VI,
184 1286 229 1328 479.
285 1308 293 1324 t
376 1305 378 1309 ·
468 1302 469 1305 ¹
572 1293 577 1299 ⁸
708 1287 715 1293 ’

104 1337 138 1380 43.
166 1341 256 1391 animae]
270 1340 299 1379 sic
309 1340 370 1379 Wak.
383 1347 455 1379 contra
467 1353 538 1378 omnes
549 1340 621 1387 libros,
634 1346 659 1378 ut
669 1340 765 1392 vulgares

53 1391 119 1441 editt,
133 1395 198 1432 animi
205 1393 339 1443 praebentes;
352 1393 392 1431 hac
401 1392 535 1430 annotatione
544 1393 659 1443 adscripta:
671 1396 765 1441 „Animi²

53 1444 67 1483 i.
75 1457 92 1483 e.
99 1444 192 1491 animam
204 1458 253 1482 nam
259 1445 378 1483 nominibus
384 1444 527 1482 indifferenter
534 1445 609 1494 passim
615 1444 681 1482 utitur
686 1446 766 1483 Lucre-

53 1495 105 1533 tius:
116 1495 163 1533 vide
170 1496 236 1545 ipsum
243 1494 464 1537 moxadvu423.424.
480 1499 548 1542 Quum
555 1509 603 1533 vero
613 1496 653 1535 hae
662 1509 723 1534 voces
733 1496 766 1533 fa-

54 1547 131 1586 cillime
144 1548 330 1596 commisceantur,
344 1556 365 1586 et
373 1549 432 1586 nullo
443 1548 507 1586 modo
519 1547 618 1586 credibile
629 1549 667 1593 sit,
679 1550 765 1600 poetam

53 1605 150 1637 nostrum
159 1600 215 1650 prius
227 1600 285 1649 illas,
298 1607 371 1639 contra
382 1600 465 1652 linguae
480 1599 667 1638 constantissimam
678 1612 766 1638 consue-

53 1651 154 1700 tudinem,
162 1652 291 1690 confundere
301 1652 396 1700 voluisse,
410 1665 473 1704 quam
483 1652 508 1689 de
518 1652 590 1689 haere
601 1651 634 1689 vel
643 1652 711 1690 hilum
719 1664 766 1690 mo-

18 1736 20 1744 ,
53 1703 129 1751 auexit,
143 1704 290 1742 contralihros
298 1705 333 1743 hic
342 1704 475 1743 scribendum
484 1708 565 1743 animae
573 1703 648 1751 malui;
654 1705 668 1727 “
681 1704 766 1755 quihus-

50 1767 103 1793 ‘cum
113 1756 169 1796 conf.
176 1757 288 1795 *Meineckii
296 1758 370 1794 notam
386 1756 476 1795 versioni
484 1755 609 1794 vernaculae
619 1755 645 1794 ad
655 1769 674 1794 r.
685 1757 718 1798 35.
729 1755 766 1793 ad-

53 1807 152 1858 scriptam
164 1814 185 1845 et
194 1808 254 1846 Wak.
263 1809 290 1845 ad
300 1809 339 1857 ΠΙ,
351 1810 397 1849 397.

106 1874 129 1910 V.
139 1871 170 1912 44.
179 1903 184 1920 ,
194 1873 237 1923 ·qui
245 1873 266 1909 in
277 1872 373 1910 omnibus
381 1872 438 1911 libris
449 1879 498 1923 post
507 1886 526 1912 v.
536 1874 568 1913 46.
579 1873 669 1910 insertus
679 1871 764 1922 legitur,

54 1925 130 1961 summi
140 1924 227 1962 Bentleii
237 1924 349 1976 sagacitate
357 1925 399 1962 huc
408 1925 543 1975 transpositus
556 1930 596 1969 est,
611 1924 668 1961 cuius
679 1923 765 1961 rationis

53 1975 128 2014 veritas
137 1976 217 2013 nemini
227 1990 270 2013 non
280 1982 350 2026 potest
364 1975 479 2014 clarissima
493 1988 542 2014 esse.
569 1975 622 2013 Mire
635 1974 691 2013 enim
700 1974 766 2012 inter-

53 2033 122 2077 pretes
133 2039 155 2064 se
164 2034 271 2066 torserunt
281 2029 303 2066 in
314 2027 355 2065 hoc
368 2022 429 2065 versu
439 2027 476 2065 illo
487 2026 554 2077 priori
569 2026 617 2072 loco
627 2026 766 2074 defendendo,
834 2057 835 2061 ,

38 2100 40 2104 ν
54 2091 95 2129 quo
105 2090 186 2117 ventum
191 2079 299 2131 prosumo,
307 2082 399 2119 vanitate
406 2079 499 2130 positum
510 2091 555 2116 esse
564 2078 682 2117 voluerunt.
698 2084 766 2117 Avan-

55 2130 98 2167 cius
113 2136 184 2167 autem
201 2132 227 2168 ad
243 2132 386 2169 coniecturam
400 2134 461 2170 vetiti
474 2130 581 2181 confugit,
602 2143 665 2184 quam
680 2129 731 2168 Pius,
743 2129 766 2167 in

53 2183 103 2219 Bon.
114 2181 273 2230 servavit,‚ticet
281 2183 302 2220 in
315 2184 432 2221 Comment.
443 2186 501 2221 venti
508 2182 620 2234 praeferat.
634 2180 694 2220 Wak.
707 2193 766 2219 com·

53 2238 114 2285 parat
122 2234 253 2283 Empedoclis
262 2235 326 2274 verba
338 2233 390 2285 αἷμα
399 2231 438 2287 γὰρ
450 2230 573 2285 ἀνθρώποις
580 2230 714 2285 emanciparit
723 2232 766 2273 ἐστι

54 2283 129 2336 νόημα.
149 2283 179 2334 [V.
189 2286 235 2325 317.
253 2291 330 2336 Stura,
355 2286 391 2338 qui
407 2286 468 2324 docte
483 2286 523 2325 hac
539 2287 565 2323 de
578 2298 602 2323 re
618 2285 729 2335 disputavit
743 2298 765 2334 p.

54 2335 94 2378 440
104 2334 139 2386 ss.]
154 2340 175 2373 et
186 2336 231 2376 Cic.
241 2339 302 2377 Tusc.
313 2339 330 2388 l,
341 2340 360 2378 9.
379 2351 427 2376 cum
436 2337 513 2375 Davisii
523 2336 739 2375 animadversionibus.

78 2448 79 2451 Ἴ
105 2400 138 2442 47.
166 2401 241 2451 consa]
261 2402 300 2440 Hic
313 2415 396 2453 quoque
406 2415 455 2441 cum
465 2402 542 2440 Eichst.
553 2407 574 2439 et
586 2402 648 2440 Orell.
658 2402 766 2452 vulgatam

54 2454 142 2500 retinui,
157 2463 220 2502 quam
232 2458 316 2502 praeter
324 2454 355 2491 Pii
367 2461 387 2493 et
396 2454 502 2504 Lambini,
515 2461 538 2491 ut
546 2453 640 2501 videtur,
654 2453 717 2493 Codd.
728 2464 765 2490 ex-

54 2507 128 2558 hibent
142 2503 221 2544 Brit-1·
239 2504 299 2544 Cant.
314 2505 360 2545 Ald.
377 2509 395 2546 1.
411 2508 432 2547 2,
448 2509 499 2546 Bon'.
517 2512 538 2544 et
552 2506 606 2544 Iunt.
634 2503 700 2543 Ceteri
715 2519 766 2544 cau-
