1690 2654
121 102 170 155 25⁰
274 146 276 148 ,
340 100 617 146 autoritatum
673 141 674 145 ,

122 214 194 254 tulisse
208 209 328 259 videantur,
352 209 388 249 scd
404 216 492 255 temere.
519 213 584 250 Recte
599 210 667 261 potius
683 211 744 252 Wak.
757 213 838 264 fluidus

121 263 237 316 suspicatur
248 268 318 300 ortum
328 274 371 300 esse
386 275 398 301 c
411 269 521 301 contracto
531 265 647 316 fluvidum
659 270 772 314 propterea
787 276 837 302 vero

122 318 186 355 etiam
201 314 255 353 coni,
269 327 354 365 prorsus
365 314 493 366 superfluam
509 318 562 367 quia'
569 317 664 368 fluvidus
677 326 708 355 est
719 321 790 367 tacere
802 314 838 353 de-

120 368 205 411 buisset.
223 375 228 407 1
472 406 474 409 f
495 403 506 410 ,,
528 404 530 406 ,
735 375 749 407 s
777 395 785 403 η,

172 417 218 459 467.
245 429 266 457 et
281 416 342 456 Wak.
359 424 391 456 est
407 416 539 467 coniectura,
550 462 553 465 ‚
563 422 587 456 ut
601 416 693 468 videtur,
712 418 839 468 rectissima,

120 471 179 510 facta
189 483 214 508 ex
226 470 321 508 omnium
330 470 375 507 fere
384 470 486 513 librorum
497 469 588 508 lectione
598 486 615 509 e.
628 472 680 510 lunt.
693 476 715 510 et
724 470 794 521 alut.
805 483 838 518 ct,

120 530 145 562 ut
159 522 234 573 vulgo,
247 535 301 572 quae
316 521 445 559 adversativa
460 535 472 559 e
486 521 529 565 loci
545 534 606 559 sensu
622 521 695 561 aliena.
715 545 740 551 -
757 522 837 572 mixta]

121 574 183 613 Vind.
195 573 245 612 Brit.
258 575 275 612 t.
288 575 308 613 2.
320 574 340 612 3,
357 575 417 615 cant
431 579 451 611 et
465 572 518 615 Brix.
528 574 576 611 Ver.
587 574 639 611 Ven.
650 573 695 612 ald.
706 576 725 613 1,
741 576 790 611 Bon.
801 576 840 614 cct-

121 630 200 674 mixta‚
214 625 353 676 quoctoeum
367 625 444 663 hahere
455 625 540 675 nequit;
553 638 602 663 nam
612 625 798 668 Lucretiumhsnc
808 623 839 663 et-

121 679 164 716 iam
183 677 290 714 licentiam
306 676 466 722 sibi'sumsisse‚
489 675 620 716 utI-elideret
635 679 726 723 mund?
740 679 839 723 admista,

122 729 168 770 aliis
178 727 277 777 exemplis
284 726 370 776 probari
379 739 422 762 non
433 732 507 773 potest.
645 747 647 749 v
701 756 707 765 ,.
828 726 830 730 ’

173 777 218 820 468.
244 781 330 816 retinere
340 775 395 814 edidi
405 789 417 815 e
427 776 476 814 Brit.
487 779 504 817 t.
510 778 532 817 2.,
537 776 557 816 3.
571 778 628 816 Cant.
639 783 660 817 et
670 777 769 819 omnibus
779 778 839 819 editt.

121 837 178 881 vett,
190 829 238 881 quia
245 828 351 865 difficilior
361 834 391 864 est
401 828 477 875 iectio;
489 840 551 879 quam
557 827 617 868 wat.
622 829 692 874 etiarn
698 836 742 869 n'on
750 829 840 869 deterio-

121 895 168 922 rem
184 887 267 928 censet,
281 879 310 923 sic
323 879 436 929 explicans:
450 882 494 917 Nec
505 893 590 920 necesse
600 880 738 928 est‚.hasnata
747 882 840 933 primor-

122 934 157 972 dia
167 945 250 975 moram
258 931 345 981 iniicere
354 931 386 968 bis
398 932 525 981 corporibus.
547 932 614 972 Ceteri
623 932 672 970 libri
682 937 773 980 retineri,
787 946 839 985 quo-

122 985 186 1024 modo
196 984 295 1021 hactenus
308 982 439 1033 vulgabatur.
453 1005 480 1011 -
493 998 606 1028 necessum,
619 983 726 1031 ut'minus
735 996 840 1036 pervaga-

121 1044 168 1077 tum
176 1035 262 1085 ⁴>recepit
272 1033 333 1072 Wak.
343 1046 354 1071 e
366 1034 427 1072 Vinci.
438 1034 487 1072 Brit.
495 1036 515 1076 2.
527 1036 575 1072 Ver.
588 1040 608 1074 et
618 1036 680 1083 Bou,
694 1049 706 1074 a
718 1036 792 1088 qui-bus
805 1048 840 1075 re-

121 1089 192 1141 liquae
203 1093 254 1127 vett.
266 1086 323 1124 editt.
334 1099 378 1134 non
387 1085 517 1135 discrepant;
531 1085 593 1136 vulgo
604 1099 730 1127 necesseest.

130 1161 132 1165 ·
174 1137 220 1179 469.
248 1140 276 1174 Ut
286 1137 321 1173 hic
331 1139 416 1189 scilicet,
429 1136 511 1174 siclam
522 1150 585 1187 supra
597 1138 669 1186 tert.
684 1145 799 1190 cognatum
808 1141 840 1179 vi·

123 1192 198 1231 delicet
212 1201 261 1231 cum
273 1187 376 1226 infinitivo
393 1194 538 1227 constructum
549 1188 651 1237 vidimus,
665 1191 724 1239 quasi
733 1204 777 1228 non
786 1204 840 1229 sou-

122 1247 196 1281 tracta
203 1246 276 1287 essent,
290 1240 384 1289 quamvis
394 1239 502 1278 Lucretius
512 1239 592 1288 saepius
604 1239 685 1280 divisim
693 1241 772 1280 scribat
780 1245 840 1289 scire,

122 1296 193 1333 uidere
205 1294 267 1336 luet,-
289 1291 420 1341 eandemque
435 1289 494 1337 iliam
507 1291 617 1337 rationem
629 1291 692 1334 etiam
706 1292 803 1333 Plautum
820 1300 842 1331 et

122 1343 245 1385 Terentium
257 1342 328 1394 sequi,
342 1342 419 1384 docent
428 1342 500 1379 Faber.
512 1342 539 1380 ad
548 1342 573 1384 vb,
583 1342 597 1379 i.
609 1343 711 1382 Westerli,
721 1344 748 1381 ad
757 1346 841 1386 Terent.

122 1397 198 1436 Heaut.
211 1396 247 1441 IV,
260 1396 279 1439 ,8,
293 1396 323 1433 16.
339 1400 359 1431 et
367 1393 464 1431 Ruddim.
475 1397 523 1433 Inst.
536 1394 574 1435 ,Gn
585 1393 610 1442 li.-
619 1407 639 1444 p.
651 1395 695 1434 321.
707 1396 743 1437 IV.
765 1396 841 1435 Nescio

122 1447 199 1499 igitur,
213 1459 251 1485 cur
265 1445 325 1484 Wak.
341 1452 388 1495 post
402 1447 482 1484 scillcet
496 1444 623 1493 semicolon,
638 1446 694 1495 quod
704 1447 788 1495 dicunt,
801 1461 842 1499 po-

53 1538 56 1542 ,
122 1499 198 1547 suerit,
213 1510 278 1549 quum
293 1496 327 1534 bic
336 1497 458 1548 neutiquam
468 1497 572 1546 particula
581 1496 608 1533 sit
616 1497 738 1538 affirmantis
748 1498 782 1537 vei
792 1512 842 1537 con.

123 1550 227 1597 cedentis,
240 1556 265 1587 ut
276 1548 320 1586 aliis
330 1549 353 1587 in
362 1549 425 1599 locis,
438 1549 475 1587 uhi
485 1556 557 1588 noster
566 1548 661 1588 absolute
671 1550 699 1588 ea'
704 1551 777 1601 utitur,
792 1563 810 1589 e.
820 1564 841 1608 g.

122 1604 141 1654 Ι,
154 1604 198 1643 809.
209 1604 253 1641 900.
265 1607 305 1638 eto.
836 1649 838 1652 .

175 1652 220 1693 470.
247 1664 268 1692 et
276 1652 369 1699 loedere]
383 1653 442 1689 Hanc
450 1650 571 1700 lectionem,
584 1665 596 1689 a
607 1651 712 1702 plerisque
724 1651 782 1692 libris
794 1665 842 1703 sup·

123 1704 248 1758 peditatam,-
259 1703 386 1740 constructio
398 1709 418 1740 et
428 1715 532 1740 connexus
543 1703 586 1740 icci
598 1703 705 1752 efflagitat,
720 1716 782 1753 quam
792 1717 842 1754 pro-

123 1764 197 1809 pterea
207 1768 249 1791 non
262 1754 355 1790 dubitavi
364 1766 412 1790 cum
423 1754 499 1795 Eicbst.
511 1754 626 1794 restituere.
648 1753 709 1792 Wak.
724 1756 786 1802 enim,
794 1756 842 1806 quie

123 1820 146 1848 ec
154 1808 175 1845 in
184 1807 234 1846 Brit·
246 1807 265 1845 2.
278 1806 309 1847 (et
319 1805 381 1855 Brix.)
395 1805 534 1854 desideratur,
549 1819 573 1843 ex
584 1819 626 1843 uno
637 1805 685 1843 Brit.
697 1806 727 1854 3.‚
749 1819 842 1858 quocum

124 1859 242 1899 consentire
258 1856 355 1895 videntur
372 1857 421 1895 Brit.
435 1860 453 1896 1.
470 1865 491 1894 et
506 1859 578 1902 Poon,
601 1860 695 1895 collidere
710 1856 841 1907 praebentes,

124 1913 242 1952 conlceclcre
257 1908 335 1956 edidit5
352 1908 407 1945 hanc
417 1908 539 1946 obsoletam
553 1908 647 1946 formam
661 1909 809 1958 perspicuitati
822 1916 843 1948 et

123 1968 195 2001 rectae
213 1961 290 1998 rationi
304 1960 419 1998 sententiae
430 1960 561 2010 praeferens3
583 1960 708 1999 infinitivum
723 1961 779 1998 enim
790 1976 843 2015 pro-

123 2016 180 2053 volvi
193 2013 228 2050 hic
238 2012 360 2049 substantivi
370 2012 439 2049 officio
452 2012 512 2063 fungi
526 2013 547 2048 in
557 2017 614 2048 sexto
626 2025 676 2058 casu
685 2011 748 2061 positi
759 2018 779 2050 et
789 2025 802 2050 a
811 2015 843 2053 ei-

124 2066 167 2106 mul
175 2062 291 2115 pendentis,
305 2063 355 2101 mibi
366 2062 424 2101 certe
434 2063 494 2102 Wsir.
507 2076 550 2101 non
561 2063 699 2112 persuadebit.

176 2116 221 2155 471.
248 2115 310 2168 quod]
329 2114 359 2152 sic
369 2112 430 2153 Wak.
441 2128 466 2161 ex
476 2114 581 2165 plerisque
590 2113 655 2152 libris.
682 2114 805 2167 Vulgoquo,
818 2120 844 2152 ut

126 2174 236 2216 comparet
245 2166 338 2206 invind.
351 2169 407 2205 Cant.
416 2167 469 2204 Brit.
482 2169 501 2207 1.
513 2171 566 2204 lunt.
579 2171 600 2203 et
611 2165 657 2202 Atd.
667 2168 691 2214 23
706 2169 754 2220 quid
764 2166 844 2205 hahent

124 2218 174 2256 Ver.
186 2224 206 2255 et
218 2219 269 2258 Ven.
425 2229 432 2235 ”
571 2226 573 2230 ·

177 2267 221 2308 474.
248 2271 313 2309 dulcis
327 2268 389 2307 Wak.
403 2281 427 2306 ex
437 2269 533 2307 omnibus
548 2266 606 2306 libris
615 2267 718 2316 restituit,
738 2275 759 2306 ct
771 2268 843 2317 iocum

124 2321 155 2360 sic
168 2322 280 2357 construit:
293 2322 373 2359 Humor
382 2320 439 2359 idem
448 2321 514 2358 dulcis
525 2331 566 2368 est,
580 2319 617 2357 ubi
624 2332 663 2370 per
673 2327 739 2358 terras
749 2319 843 2358 crebrius

124 2371 246 2423 percolatur
257 2377 296 2409 ete.
314 2374 362 2411 Hav.
374 2385 423 2409 cum
432 2372 553 2423 vulgaribus
563 2373 626 2410 dulcit
638 2371 685 2419 (aiii
693 2374 774 2420 dulcet)
785 2384 796 2408 e
807 2371 843 2409 Gi-

124 2423 177 2463 fanii
187 2423 254 2471 cont,
272 2423 328 2473 quod
343 2438 381 2474 pro
399 2426 496 2463 dulcescit
508 2423 600 2474 positum
614 2424 693 2473 volunt.
720 2423 760 2461 Sed
775 2423 843 2461 libro-

123 2488 173 2516 rum
182 2474 302 2515 auctoritati
312 2475 500 2527 obtemperandum
511 2482 549 2515 cst.
561 2519 566 2524 ,
