1690 2654
79 94 127 140 510
283 93 561 139 ANNOTATIONES

79 205 134 243 libus
145 202 248 253 explicare
260 203 321 252 velit,
335 204 440 254 aptissima
452 204 489 254 sit;
504 206 536 244 vel
551 205 625 244 etiam:
642 207 746 258 Typhonis
759 203 799 252 (si-

80 271 111 304 ve,
126 269 163 306 per
173 256 280 306 synizesin,
297 258 399 306 Typhoei)
411 259 469 296 clade
480 271 556 308 coorta,
573 265 597 296 ut
607 259 632 295 de
643 258 744 309 Typhone
754 256 798 305 illo,

81 322 144 360 quern
156 309 259 345 Pindarus
270 308 351 359 Olymp.
364 310 399 356 IV,
410 311 441 349 11.
454 316 475 347 et
485 310 598 361 Aeschylus
611 313 679 348 From.
690 311 735 349 359.
745 308 799 358 ignis

81 368 190 398 auctorem
203 361 334 410 perhibeant,
352 374 421 399 sermo
434 362 467 409 sit,
482 363 538 413 quod
550 376 574 400 eo
587 362 716 413 probabilius
727 361 800 398 videa-

80 420 122 458 tur,
138 425 203 462 quum
214 420 285 450 noster
296 413 358 450 etiam
370 414 391 450 in
402 413 473 451 fabula
484 417 508 452 de
518 415 613 462 Tantalo,
627 418 666 461 lli,
678 415 733 460 993„
748 425 800 462 pen-

82 466 131 504 deat
141 477 151 501 e
163 465 252 502 Pindaro
266 464 378 515 Olymp.1‚
390 468 422 506 91.
448 468 544 505 Lectores
555 480 592 504 suo
604 466 682 504 iudicio
694 471 785 503 utantur.

134 515 179 557 643.
205 517 321 566 Flammae]
342 518 403 558 Walr,
417 519 534 568 suspicatur
548 521 665 566 Pl'ammea7·
684 524 704 554 et
715 518 744 554 sic
755 517 799 553 uti-

83 581 123 619 que
136 568 192 619 apud
202 570 295 607 Nonium
305 569 407 621 legimus,
422 584 486 622 quem
497 575 538 619 IX,
550 574 567 610 1.
582 572 639 608 hune
647 582 731 608 versum
741 574 798 605 attu-

82 622 142 667 lisse,
156 621 319 669 Wakefieldum,
339 622 365 658 de
380 624 571 660 Grammaticorum
587 622 711 662 testimoniis
725 633 800 670 parum

83 673 204 721 sollicitum,
213 674 281 711 latuit.
295 696 321 700 -
335 675 435 724 Siculam]
452 687 504 711 unus
511 676 567 713 Cant.
578 676 664 719 Siculas,
679 672 799 724 quochak.

82 738 157 763 verum
168 732 244 770 censet,
258 732 281 762 ut
292 725 341 762 inde
353 725 445 775 primum
458 728 552 775 Siculam,
567 733 615 776 post
623 728 713 765 Siculam
726 737 799 762 corru-

82 784 143 828 ptum
154 776 187 818 sit,
213 777 264 814 Mihi
273 777 326 814 nihil
336 779 461 815 mutandum
476 778 565 817 videtur.

135 828 180 868 646.
208 831 343 881 corripiebant]
362 831 419 871 Bodl.
436 830 483 867 Ver.
496 832 547 876 Ven.
563 829 609 866 Ald.
622 830 639 868 1.
657 830 799 882 couiplectant,

84 887 105 919 et
113 881 174 920 Wak.
186 882 339 928 animadvertit,
354 883 443 920 verbum
458 882 551 920 activum
562 883 670 932 complecta
684 879 727 930 legi
744 879 800 929 apud

82 933 199 970 Iuvencum
211 936 240 980 u,
257 931 301 974 745.
328 936 375 971 Non
393 941 465 972 tamen
481 934 553 982 video,
577 933 627 984 quid
642 932 677 970 hic
695 931 734 970 sihi
749 931 801 968 velit

84 985 225 1022 subiunctivus
233 985 334 1034 temporis
346 986 467 1035 praesentis.
480 1006 506 1014 -
517 996 602 1039 pectora
613 984 672 1034 caru]
689 986 736 1022 Ver.
747 986 798 1022 Ven.

85 1052 169 1089 corpora
181 1039 238 1083 dura,
253 1037 298 1076 Ald.
311 1039 328 1075 1.
339 1054 423 1084 corpora
432 1053 487 1076 cara.
770 1072 772 1076 ,

136 1086 181 1127 648.
209 1092 230 1127 in
240 1089 309 1138 rebar]
324 1090 419 1132 sicWalr.
428 1103 477 1127 cum
487 1089 583 1127 omnibus
593 1087 652 1126 libris
658 1101 664 1136 3
677 1085 732 1138 vulg.
741 1085 799 1125 editt.

83 1139 260 1189 praepositionem
271 1142 376 1179 omittunt.

137 1189 181 1229 649.
209 1191 374 1244 despiciendam]
387 1193 417 1230 ita
430 1192 480 1241 (sive
488 1191 557 1242 potius
568 1191 724 1242 despiciendum)
735 1188 800 1240 Lugd.

85 1244 104 1282 1.
119 1245 138 1281 2.
154 1242 213 1279 Vind.
231 1245 282 1280 Brit.
293 1245 313 1282 3.
331 1247 401 1290 Cant,
425 1257 475 1294 quos
491 1256 539 1281 cum
555 1242 615 1281 Wak.
632 1249 730 1293 sequutus
747 1254 800 1280 sum.

84 1294 153 1344 Vulgo
164 1297 315 1347 (implorandam.
344 1296 420 1343 (Cous.
432 1295 458 1332 ad
470 1296 504 1344 H,
516 1294 577 1342 742.)

31 1371 33 1373 -
137 1346 182 1386 651.
210 1347 306 1395 summai]
321 1347 381 1384 Vind.
396 1347 446 1384 ssrix.
454 1348 500 1385 Ver.
507 1348 556 1383 Ven-
569 1361 651 1395 summa,
665 1345 714 1383 Brit.
726 1346 745 1384 3.
756 1360 801 1384 cum

84 1412 168 1442 suariae,
183 1399 238 1448 quod
248 1398 376 1436 Wakefieldo
388 1412 430 1436 non
441 1397 542 1447 displicet.

138 1450 182 1487 652.
211 1453 344 1497 „multesima
352 1451 414 1503 pars]
429 1450 510 1486 Nonius
519 1452 543 1497 ΙΙ,
553 1447 598 1487 520.
610 1460 694 1486 versum
706 1448 763 1496 citat,
773 1453 800 1495 et,

85 1500 156 1538 nescio
168 1500 217 1550 quid
229 1501 344 1548 somnians,
365 1502 416 1539 dicit
426 1501 480 1538 hanc
494 1500 579 1550 phrasin
589 1512 643 1537 nove
654 1499 744 1549 positam
757 1511 800 1536 esse

85 1555 124 1602 pro
136 1556 242 1603 quantitas
253 1555 343 1603 infinita.
352 1588 355 1595 ,
364 1541 441 1603 hunge
456 1552 533 1589 rectius
545 1558 565 1588 et
580 1550 661 1588 doctius
678 1551 801 1601 explicatio-

84 1616 136 1640 nem
145 1604 230 1641 molitus
243 1612 274 1641 est
285 1603 407 1650 Lambinus,
427 1603 522 1654 quicum
534 1605 614 1641 Graeco
632 1602 739 1640 schemate
751 1605 800 1641 πολ-

86 1652 161 1693 λοστὸν
171 1655 233 1704 μέρος
246 1657 404 1705 comparaverit.
433 1657 587 1705 Havercampus
604 1654 666 1692 etiam
677 1654 800 1703 tempestive

85 1706 175 1755 monuit,
188 1708 279 1745 maximo
290 1708 409 1745 casaubono
420 1706 446 1743 ad
457 1708 523 1746 Strab.
534 1709 551 1746 Ι,
562 1718 582 1755 p.
593 1708 625 1745 26.
651 1706 801 1744 Lucretianum

86 1770 170 1794 versum
181 1758 268 1795 laudari.
295 1761 360 1796 Porro
374 1759 404 1796 sic
415 1758 503 1796 fortasse
514 1771 560 1796 rem
574 1757 670 1807 liquidius
683 1757 799 1806 concipias:

86 1816 110 1845 ut
121 1811 228 1848 millesima
236 1826 287 1862 pars
298 1823 322 1847 ea
332 1816 369 1859 est,
385 1809 437 1860 q'uae
447 1811 551 1847 rationem
561 1808 639 1845 habeat
649 1813 708 1847 anias
719 1808 745 1845 ad
756 1810 801 1847 mil-

86 1862 116 1908 la,
137 1861 166 1897 sic
176 1864 347 1913 multesimaparc
355 1862 427 1898 similis
439 1868 470 1898 est
481 1860 592 1899 diminutio
604 1860 659 1898 vocis
669 1862 755 1907 multus,
769 1866 801 1897 at-

12 1941 17 1945 .
87 1924 128 1959 que
143 1913 168 1948 ab
185 1913 229 1949 eius
242 1926 340 1950 mensura
353 1927 377 1950 ac
391 1914 504 1962 quantitate
522 1913 584 1949 distat
595 1924 656 1961 quam
673 1911 799 1962 longissime.

86 1963 132 2001 Vid.
143 1967 205 2001 noer.
216 1977 246 2003 or.
258 1965 284 2001 ad
295 1964 344 2001 Phil.
354 1978 374 2014 p.
386 1967 431 2013 350,
444 1967 461 2003 7.
480 1965 510 2001 ed.
523 1966 614 2014 Augen&
633 1967 665 2003 W
668 1967 707 2004 ale,
740 1963 799 2003 Conf.

88 2014 152 2052 etiam
161 2016 258 2054 liuddim.
271 2019 317 2053 Inst.
330 2018 365 2054 Gr.
379 2017 394 2054 1.
405 2030 425 2066 p.
438 2014 483 2055 174.
493 2022 536 2053 not.
546 2017 578 2055 30.

139 2067 183 2105 653.
212 2071 238 2104 Ut
253 2080 290 2104 nos
308 2072 356 2104 cuin
372 2069 422 2106 Han,
437 2067 498 2104 Wak.
520 2074 540 2103 et
556 2065 632 2104 Eichst.
647 2066 704 2104 hunc
717 2078 801 2104 versum

88 2116 205 2166 edidimus5
220 2119 298 2170 legitur
310 2118 331 2154 in
346 2118 411 2169 Lugd.
424 2119 442 2156 1.
454 2120 473 2156 2.
488 2117 546 2156 Bodi.
557 2116 617 2156 Vind.
630 2118 678 2158 Brit.
690 2120 708 2157 1.
717 2118 747 2161 3..
768 2117 800 2155 his

87 2174 170 2206 tantum
186 2183 235 2207 cum
246 2169 390 2208 varietatibus:
413 2171 468 2219 tata]
483 2171 543 2207 Poor.
556 2169 615 2206 Cant.
627 2172 675 2206 Bon.
690 2175 711 2206 et
726 2170 800 2206 Lamb.

88 2219 152 2257 Codd.
165 2221 249 2272 quidam
262 2234 332 2274 quara.
346 2243 370 2249 —
384 2221 458 2270 terrai]
474 2220 598 2267 Vind.,ssrix.
610 2221 658 2258 Ver.
669 2222 720 2257 Ven.
737 2231 800 2270 terra,

87 2271 137 2308 Brit.
151 2273 167 2310 1.
179 2284 243 2312 terna.
271 2274 327 2312 lunt.
339 2279 359 2310 et
370 2273 414 2313 Ald.
425 2274 445 2311 2.
456 2285 539 2309 versum
550 2271 579 2309 sic
590 2269 696 2310 exhihint:
719 2273 763 2311 Nec
773 2275 801 2311 sit

86 2338 137 2375 pars
144 2325 201 2361 haino
208 2329 341 2376 terrai'paota
348 2337 361 2362 t.
370 2341 400 2369 n.;
413 2324 476 2375 vulgo
490 2324 568 2361 editur:
584 2329 610 2361 Et
620 2336 681 2375 quota
687 2338 737 2375 pars
743 2326 801 2363 homo

89 2377 156 2412 terrai
169 2378 197 2413 sic
207 2386 221 2424 ξ.
232 2391 262 2420 ιι.,
282 2388 293 2412 e
308 2376 403 2413 Lambini
415 2375 558 2423 correctione,
577 2388 640 2425 quam
650 2375 695 2412 iure
710 2375 801 2425 Preiger.

88 2426 234 2475 reprehendit,
255 2439 339 2476 „quum
348 2428 401 2464 nihil
411 2427 438 2464 ad
449 2440 495 2464 rem
504 2427 580 2474 faciat,
594 2426 651 2475 quod
662 2433 683 2463 et
692 2427 755 2462 homo
765 2426 802 2463 ad-

89 2478 176 2516 modum
186 2478 274 2530 parvula
285 2491 310 2516 ac
321 2479 441 2518 multesima
451 2478 536 2517 demum
547 2490 595 2530 pars
605 2484 675 2517 terrae
684 2478 731 2516 sit.“
750 2481 801 2521 Vos-
