1690 2654
87 129 135 175 424
292 128 561 171 ANNOTATIONES

139 239 184 281 673.
211 239 329 289 demittere]
347 238 406 278 Vind.
421 239 471 278 Brit.
484 240 502 279 1.
513 241 532 280 3.
550 240 607 278 Cant.
621 239 677 279 Brix.
691 241 737 278 Ver.
752 241 801 277 den.

86 292 130 330 ΑΜ,
143 294 162 329 1.
174 294 222 328 Bon.
234 295 343 340 dimittere,
357 291 419 328 maie.

137 342 183 382 674.
209 343 316 392 Fulmina]
331 342 380 380 Brit.
393 345 412 381 2.
424 343 481 380 Cant.
490 343 536 379 Ver.
548 343 598 381 Van.
609 344 714 392 Flumina,
729 342 802 393 vulga-

84 394 104 433 ri
115 394 279 445 permutatione.
307 394 382 444 (Conf.
395 393 421 431 ad
432 397 447 439 1,
459 391 504 433 490.
517 395 574 433 1002.
587 395 639 441 etc.)

137 447 183 487 676.
205 446 306 500 fuerunt]
322 448 382 485 Poor.
392 445 494 498 fueraut,
506 446 557 486 Brit.
566 447 585 485 2.
603 446 649 484 Aid.
660 447 679 485 1.
690 447 741 484 Bon.
752 445 802 498 fue-

84 500 134 537 rint.

136 550 181 591 677.
208 553 241 590 itu
256 549 317 589 Wak.
336 548 401 587 edidit
417 562 465 587 cum
479 547 574 599 plurimis
588 547 663 596 libris;
683 548 745 600 vulgo
764 552 801 597 uti,

84 601 265 652 quemadmodum
277 602 316 639 soli
325 602 374 640 Brit.
386 602 404 641 2.
416 601 435 639 3.
658 617 660 633 t

137 656 182 693 678.
211 653 345 705 Consequioe]
365 652 395 688 sic
410 652 469 689 Wak,
485 663 533 688 cum
548 650 613 701 Lugd.
624 653 641 689 1.
651 653 671 688 2.
686 657 706 687 et
720 657 802 688 vetusto

83 704 133 742 Cod.
142 705 249 752 (honorii,
264 716 338 740 vocem
346 703 427 749 primae
439 701 514 738 declin.
525 706 633 753 consequia
643 702 705 739 etiam
714 702 736 738 in
748 707 802 750 Apu.

82 754 125 792 leio
136 757 183 793 Met.
194 757 216 793 V.
226 768 246 804 p.
256 752 301 794 364.
312 759 333 790 et
342 755 370 792 X.
380 765 400 802 p.
412 754 457 791 712.
473 751 523 792 Oud.
536 752 691 803 agnoscendam
700 752 801 793 iudicans.

83 806 143 844 tind.
161 812 273 860 Conseque,
292 806 338 844 Ver.
352 807 402 843 Ven.
417 809 542 856 Consequoe,
561 804 610 841 Brit.
622 807 640 844 1.
653 804 710 844 Brix.
729 804 772 845 Aid.
784 807 802 846 1,

82 861 133 897 Bon.
144 863 289 910 Consequitur,
311 857 369 894 Bodl.
379 856 428 894 Brit.
441 858 459 902 2.
473 861 606 907 Consequere,
627 857 676 895 Brit.
689 858 708 897 3.
726 861 801 894 Conse·

83 922 170 961 quatur,-
187 911 217 947 Pii
234 909 297 948 Godd.
308 911 370 947 Poor.
382 909 508 947 Cantilunt.
520 908 564 944 Aid.
576 909 596 946 2.
613 913 726 960 Causaque,
747 921 801 958 quae

83 961 174 1012 vulgaris
187 967 216 999 est
226 960 295 999 lectio.
310 982 336 988 -
350 962 443 1012 quodque
450 971 481 999 est
489 957 546 997 idem
552 958 612 1000 Wak.
622 959 715 997 restituit
725 971 749 996 ex
756 959 800 1000 ΑΜ.

84 1015 103 1052 1.
114 1020 135 1050 et
147 1016 207 1059 Bon.;
228 1013 293 1051 ceteri
308 1012 358 1051 libri
373 1024 445 1049 omnes
461 1026 551 1064 quoque,
570 1013 646 1049 omisso
656 1023 698 1059 est,
718 1017 802 1061 praeter

83 1067 137 1101 lunt.
146 1071 167 1101 et
177 1064 221 1101 Ald.
228 1067 254 1111 2.,
263 1076 339 1103 nutura
350 1075 380 1102 est
389 1064 519 1111 praebentes,
529 1064 592 1113 qnod,
600 1063 694 1113 quamvis
706 1063 802 1102 omnium

83 1116 239 1153 minimeGodd.
249 1116 374 1153 anctoritate
382 1116 499 1161 firmatum,
512 1116 569 1165 vulg.
581 1115 639 1153 editt.
651 1121 800 1166 propagarunt.

83 1168 199 1216 Receptam
218 1167 331 1205 lectionem
347 1166 408 1206 Wak.
424 1167 454 1204 sic
476 1165 577 1216 explicat:
604 1169 721 1218 „Quodque
737 1166 764 1212 (i.
781 1178 801 1208 e.

84 1231 151 1256 unum
167 1218 264 1270 quodque
280 1219 390 1266 eventum)
407 1229 439 1256 ert
449 1221 574 1269 consequine,
587 1219 619 1255 vel
633 1218 800 1269 consequentiae,

84 1270 175 1321 [plurali
183 1282 222 1320 pro
233 1270 333 1321 singulari
343 1269 424 1319 posito]
442 1285 467 1307 ex
478 1272 549 1307 ordine
560 1281 614 1308 certo
627 1271 715 1308 rerum.“

135 1323 181 1360 680.
208 1337 267 1372 quom
278 1323 374 1368 sumant]
393 1321 445 1358 Brirr.
458 1336 502 1359 curn
519 1332 630 1367 ruminant,
644 1320 710 1371 Lugd.
722 1323 741 1361 1.
754 1337 801 1361 eon-

83 1384 175 1419 sumant,
193 1373 241 1411 Brit.
251 1374 271 1411 2.
288 1388 333 1411 cuin
348 1382 436 1411 sumunt.
449 1394 476 1400 -
489 1369 600 1424 augmina]
615 1373 664 1411 Brit.
678 1375 696 1412 1.
707 1376 800 1425 agmina.

83 1446 108 1452 -
123 1428 204 1472 noctes]
223 1424 274 1462 Brit.
286 1426 387 1463 ducetis.
416 1424 440 1460 In
451 1425 496 1461 Ver.
508 1430 529 1459 et
539 1424 589 1461 Ven.
602 1423 669 1461 omnis
681 1436 752 1462 versus
765 1425 800 1462 de-

84 1475 198 1521 sideratur,
217 1475 240 1511 in
250 1475 295 1513 Ald.
307 1477 324 1514 1.
341 1487 390 1512 vero
408 1481 428 1512 et
443 1477 493 1513 Bon.
505 1487 566 1512 voces
579 1474 609 1512 sic
624 1481 800 1526 transponuntur:

84 1543 128 1566 Olim
139 1540 208 1566 noctes
218 1530 316 1579 augmina
326 1537 413 1565 Sumam·
669 1543 671 1545 ’

136 1581 180 1619 683.
207 1580 237 1615 De
247 1580 316 1616 torma
324 1581 411 1630 partire,
426 1576 567 1615 vetustissimis
577 1577 675 1615 Romanis
686 1592 724 1628 pro
735 1578 800 1616 serio-

83 1629 103 1667 ri
115 1633 192 1681 partiri
204 1636 316 1679 usurpata,
333 1629 388 1667 conf.
401 1629 482 1667 Nonius
494 1631 535 1676 tn,
546 1630 578 1668 63.
591 1628 622 1668 64.
638 1630 736 1670 Priscian.
748 1633 799 1677 tm,

13 1715 19 1740 Γ.
84 1683 103 1720 6.
121 1682 184 1730 629.
200 1685 234 1732 (p.
249 1682 309 1732 799.)
327 1680 430 1720 etiaier.
448 1680 526 1718 Probus
540 1694 561 1732 p.
578 1678 648 1728 1483..
670 1694 721 1733 quos
738 1682 799 1722 Wak.
838 1737 839 1740 Ἴ

83 1732 162 1770 laudat.

136 1779 180 1822 684.
207 1782 309 1833 detraxit]
324 1783 391 1833 „Brit
402 1785 422 1823 2.
433 1786 549 1828 detractum·
563 1796 615 1834 quae
626 1783 713 1822 variatio
723 1783 800 1821 referri

84 1834 154 1884 dehet,
161 1833 201 1871 nisi
213 1833 315 1882 fallimur,
323 1836 349 1873 ad
359 1835 536 1885 compendiariam
547 1835 673 1886 scripturam
680 1838 798 1884 detructum,

83 1886 98 1926 i.
110 1899 128 1924 e.
142 1890 259 1926 detractum
271 1898 314 1933 est‚·
333 1893 355 1924 et
370 1899 394 1923 ea
410 1888 535 1936 neutiquam
552 1888 609 1924 mala
623 1888 696 1924 fuisset
711 1888 799 1927 iectio.“

83 1942 132 1978 Wo
138 1940 158 1977 lc.
184 1938 263 1974 Tamen
274 1938 327 1974 nihil
336 1937 457 1975 novandum
467 1943 525 1988 puto.

135 1991 179 2028 686.
205 1990 287 2039 Donec]
302 1989 331 2026 sic
342 1990 401 2027 Wak.
411 2002 460 2027 cnm
471 1990 567 2027 omnihus
576 1989 642 2035 libris,
657 2001 667 2026 e
678 1989 758 2040 quibus,
773 1990 798 2027 li-

84 2045 119 2078 cet
127 2042 178 2079 Har.
188 2045 282 2090 tacente,
302 2041 359 2079 nodi.
376 2054 419 2078 non
432 2042 559 2090 exceperim
581 2042 644 2092 vulgo
653 2045 765 2089 Donieum,
786 2055 798 2081 e

82 2092 178 2129 Lambini
188 2091 281 2130 arbitrio.
309 2093 371 2141 (Vide
381 2093 408 2130 ad
417 2095 442 2142 It,
453 2094 510 2132 1116.
521 2094 579 2132 1130.
590 2099 610 2129 et
620 2092 675 2130 inira
684 2094 710 2131 ad
720 2108 738 2133 v.
751 2096 796 2134 706.

84 2145 129 2183 722.
143 2144 196 2192 etc.)

135 2197 179 2234 687.
205 2193 285 2243 Nudus]
296 2195 347 2233 Brix.
359 2198 440 2243 Modus,
450 2194 512 2232 Bodt.
524 2196 569 2233 Ver.
581 2196 629 2232 Ven.
638 2197 714 2244 didus,
725 2196 770 2236 md.
778 2198 796 2236 1.

83 2247 134 2283 Bon.
144 2248 217 2294 Atinia,
231 2246 286 2283 mira
294 2247 401 2285 varietate.
414 2267 440 2276 -
453 2250 567 2299 exaequat]
581 2247 673 2299 Lugdu.
685 2259 706 2286 et
715 2259 797 2301 aequin,

82 2297 129 2335 Atd.
142 2299 160 2335 1.
171 2300 220 2335 Bon.
231 2311 352 2351 exaequant.

134 2350 180 2388 688.
207 2350 356 2395 „constructio
368 2355 407 2388 est:
420 2351 478 2387 Nam*
486 2349 569 2387 coelum
578 2348 604 2386 ad
615 2349 711 2399 aequales
721 2350 797 2387 distan-

82 2400 163 2445 tiasin
174 2400 244 2437 medic
256 2402 362 2452 Aquilonis
371 2407 392 2440 et
404 2402 478 2448 Austri,
492 2408 558 2439 metas
568 2401 680 2451 separatim
689 2407 754 2451 tenet,
762 2402 797 2441 vel

82 2455 165 2494 seorsim
178 2452 263 2488 liabet.“
289 2456 361 2492 [Vale.

133 2506 178 2545 689.
205 2504 308 2554 Distinet]
323 2505 389 2557 Lugd.
400 2506 420 2544 2.
431 2506 492 2544 Poor.
503 2504 551 2544 Brit.
564 2505 583 2544 1.
595 2505 614 2545 2.
631 2506 730 2545 Destinet.
