1690 2654
89 87 137 135 562
309 87 588 129 ANNOTATIONES

142 196 199 241 1264·
226 200 318 249 silanos]
333 199 383 240 Brit.
393 200 411 240 1.
422 201 518 251 syllanus,
539 199 588 237 Brit.
600 200 620 240 3·
631 202 719 251 sicarios,
735 200 779 239 Αἶά,
790 203 807 242 1.

88 257 138 293 Bon.
153 256 198 292 colo
214 256 302 302 omneis,
324 257 376 291 lunt.
394 255 517 305 siccmncir.
545 257 579 291 De
590 252 621 290 his
636 253 706 291 silanis
720 254 808 292 Orellius

89 306 182 345 conferri
191 305 250 344 iubet
261 305 355 343 Visconti
365 305 460 343 Museum
469 307 504 342 Pio
511 329 521 335 -
528 305 592 343 Giem.
604 310 620 345 I.
629 318 649 355 p.
660 309 705 347 217.
718 308 763 346 219.
775 306 807 344 ed.

87 359 172 399 Medici.
200 357 272 406 (Conf.
291 358 354 395 etiam
369 358 463 408 Bdttiger
478 358 512 396 in:
535 359 603 395 Artist.
618 359 760 397 Noiizcnblan
772 371 809 397 zur

87 411 251 463 Abendzeitung.
266 412 381 459 witot,
393 412 428 460 qui
438 410 590 448 laudatBronzi
600 410 733 451 d'Ercolano.
748 413 771 450 T.
782 415 807 450 II.

87 473 129 503 tav.
140 463 173 505 45.
185 477 234 502 cum
245 470 325 502 annott,
335 478 355 513 p.
367 465 410 503 1692
431 463 496 500 David
505 463 620 514 Antiquites
632 464 807 503 d’Herculanum.

87 520 110 557 T.
122 519 165 557 VII.
177 516 207 568 pl.
219 518 251 557 68.
269 522 291 554 et
300 516 394 554 Visconti
410 517 505 554 Musenm
515 515 639 555 Pio-Glem.
650 519 674 556 T.
686 520 727 557 VII.
744 531 764 568 p.
774 517 806 567 3.)

87 590 113 601 -
129 570 209 620 strata]
224 569 254 606 sic
270 580 342 606 omnes
357 569 407 606 libri
418 571 464 607 tiss.
475 575 495 606 et
512 568 666 619 edittpraeter
676 570 748 617 vrak„
764 571 806 621 qui,

87 629 129 673 „ut
141 623 166 661 ab
178 621 277 660 Lucretio
289 620 413 659 amoliretur
423 621 582 670 repetitionem,
602 634 655 671 quae
665 622 807 674 turpissimam

87 675 189 715 sermonis
200 680 347 724 paupertatem
358 680 378 710 et
389 673 498 712 defectum
508 674 587 723 ingenii
602 674 763 725 proloquatur‚¹‘
776 676 807 713 ni-

86 728 155 770 mium
166 726 266 765 delicatus
283 739 294 763 e
311 725 432 763 coniectura
442 725 507 764 edidit
518 738 608 773 structu,
623 734 681 765 recte
692 727 719 765 ab
730 727 807 769 Eichst.

86 780 172 820 Nobbio
188 787 209 817 et
219 778 296 816 Oreliio
307 777 406 817 desertus.
419 799 445 806 —
458 780 567 829 iacebant]
581 786 672 831 uterque
685 779 747 822 Vind.
757 780 808 818 Brit

86 835 106 875 3.
119 837 176 873 Gant.
185 833 288 872 tacebam.

140 898 197 938 1265.
225 900 338 950 aquarum]
358 894 388 933 sic
405 894 466 934 Wak.
483 908 507 933 ex
526 896 623 935 omnibus
637 895 696 944 libris
709 897 806 937 restituit

86 955 152 991 turea
163 950 273 1002 legebatur
283 954 352 1003 aquai,
366 947 393 986 ad
406 947 517 987 arbitrium
529 949 651 992 editorum„

139 1017 195 1055 1267.
222 1014 353 1063 semianime]
375 1017 431 1052 eant.
441 1019 562 1063 seinamma,
581 1021 670 1067 uterque
679 1015 739 1052 Vind.
752 1031 773 1055 se
784 1019 806 1055 in

86 1071 161 1115 animo,
175 1070 223 1104 Ver.
229 1068 279 1104 ven.
289 1083 332 1105 com
342 1070 416 1105 animo.
431 1088 457 1094 -—
471 1069 529 1115 cum]
544 1066 573 1104 sic
583 1067 644 1106 Wak.
654 1068 725 1117 (quem
731 1067 805 1107 Eichst.

87 1126 107 1157 et
119 1119 182 1157 Orell.
199 1132 241 1156 non
259 1118 370 1164 deserunt)
386 1118 475 1155 restituit
487 1132 497 1155 e
511 1119 577 1171 Lngd.
591 1122 609 1158 1.
621 1122 640 1159 2.
653 1120 713 1159 Vind.
728 1121 805 1172 fragm.

84 1172 147 1211 Vind.
157 1173 218 1211 Poor,
234 1173 305 1220 Cant,
326 1171 400 1221 quibus
416 1170 469 1208 adde
486 1171 539 1210 ssrix.
551 1172 644 1211 Nobbius
660 1173 747 1211 retinuit
757 1172 805 1212 vul-

85 1249 161 1290 garem
174 1248 223 1275 tum.
237 1257 259 1264 -
276 1236 364 1285 uideres]
379 1234 441 1275 Vind.
450 1238 510 1274 vires·

138 1289 196 1328 1270.
226 1289 342 1328 Visceribus
358 1286 418 1325 Wak.
433 1286 455 1324 in
473 1294 593 1325 contextum
604 1288 723 1337 revocavit,
738 1289 805 1327 omni-

84 1342 123 1381 bus
138 1340 197 1379 h'hn's
209 1347 258 1380 vett.
271 1340 409 1390 obsequntem
429 1340 486 1389 quod
500 1339 588 1378 seriores
601 1354 673 1379 omnes
688 1348 804 1380 servarunt.

84 1394 170 1433 Meister
182 1406 231 1432 vero
241 1393 349 1443 vulgatam
361 1398 468 1441 praestare
481 1399 563 1441 censet,
578 1395 654 1444 (qnam
670 1401 740 1432 tamen
751 1393 804 1432 saiso

85 1454 106 1485 et
115 1446 255 1485 Eichstaedtio
268 1444 372 1496 inmugit.)
386 1444 454 1496 Vuigo
464 1444 566 1481 nimirum
578 1449 688 1491 Ulceribus,
696 1444 805 1484 eTurnebi

85 1499 217 1548 coniectura,
238 1498 470 1546 aLambinorecepta,
490 1497 527 1534 sed
537 1498 578 1534 iam
592 1510 605 1535 a
619 1498 701 1536 Gifanio
712 1498 757 1537 iure
768 1511 804 1536 re-

83 1552 181 1603 probata.
200 1550 273 1599 (Conf.
284 1562 345 1600 snpra
358 1549 411 1586 adv.
424 1550 495 1596 1199.)
509 1571 533 1577 —
548 1550 620 1599 tetris]
635 1552 683 1591 Ver.
696 1552 747 1589 Ven.
758 1567 804 1589 coc·

85 1620 127 1654 cue,
142 1616 206 1654 quare
217 1602 307 1642 Turneb.
320 1601 387 1641 Gifan
399 1601 476 1652 aliique
488 1601 600 1640 voluerunt
611 1607 682 1642 caecis.
696 1624 722 1630 -
735 1602 803 1653 sordi]

84 1663 172 1706 uterque
191 1655 252 1694 vind.
269 1656 331 1693 Poor.
348 1654 397 1692 Brit.
413 1656 430 1693 1.
444 1656 463 1694 3.
482 1657 539 1692 Cant.
556 1661 576 1692 et
592 1667 663 1692 omnes
680 1655 738 1693 editt.
754 1660 803 1694 vett.

85 1711 181 1759 (praeter
193 1710 258 1756 lunt,
273 1711 344 1746 sordet.
354 1707 500 1757 exhibentem)
514 1709 585 1754 sorde,
600 1720 664 1758 qnare
677 1707 737 1746 Wak.
751 1721 804 1746 con-

84 1760 135 1799 iecit
146 1760 239 1797 traiectis
250 1759 349 1797 vocibus:
366 1763 390 1799 V.
400 1775 464 1812 prope
475 1763 515 1797 mm
527 1762 592 1806 tetris,
606 1771 627 1798 et
636 1763 701 1806 corde,
715 1762 802 1813 sepulto,

83 1813 127 1862 ipse
139 1817 210 1849 tamen
220 1811 309 1854 addens:
324 1811 378 1860 „sed
389 1811 489 1848 audacior
498 1810 565 1858 fuerit
572 1812 624 1849 haec
635 1813 695 1858 ratio,
709 1825 749 1850 nec
758 1812 803 1850 sine

48 1892 50 1895 ι
83 1863 167 1915 scriptis
184 1863 319 1901 suadentibus
337 1863 489 1902 admittendff
504 1885 529 1891 -
542 1865 636 1916 repulia]
658 1867 711 1902 lunt.
728 1864 802 1904 alde.

83 1918 175 1968 sepultis·
203 1918 245 1965 (De
255 1916 326 1953 forma
338 1919 404 1960 soi-di,
419 1916 469 1953 alias
484 1927 527 1952 non
542 1923 678 1964 occurrente,
691 1916 732 1955 vid.
744 1916 803 1955 uud-

83 1969 134 2006 dim.
150 1972 199 2008 Inst.
215 1970 251 2007 Gr.
267 1972 282 2008 Ι.
298 1982 318 2019 p.
337 1969 380 2009 130.
397 1974 441 2007 not.
456 1969 487 2008 85.
511 1973 532 2005 et
546 1967 641 2006 Schneid.
661 1971 697 2007 Gr.
714 1971 759 2009 Lat.
775 1971 801 2008 Π.

98 2020 169 2067 Adi.)

82 2034 96 2073 P
135 2073 193 2112 1271.
220 2088 254 2124 rep
264 2071 321 2121 erat]
340 2074 387 2109 Eric.
402 2071 509 2118 Nobbius,
526 2070 650 2110 Wakefieldi
666 2072 802 2113 annotatione

83 2124 183 2176 ambigua
192 2123 296 2169 inductus,
311 2136 335 2161 er
345 2137 386 2161 uno
400 2124 449 2164 Brit.
457 2126 476 2164 3.
484 2124 565 2174 recepit
575 2124 725 2174 imperfectum
737 2126 782 2177 repl
793 2148 803 2154 -

83 2179 126 2223 bct,
139 2189 220 2227 „quum
234 2177 260 2214 ob
272 2176 360 2214 verbnm
374 2189 460 2215 onerato
472 2177 704 2226 plusquamperfectum
718 2183 801 2225 tempus

82 2228 162 2266 abhoc
173 2228 220 2265 ioco
232 2228 336 2277 alienum,
351 2228 387 2265 sed
396 2236 489 2277 tempus,
504 2229 560 2280 quod
571 2229 720 2278 imperfectum
732 2228 801 2266 adhuc

83 2279 268 2331 continuatamque
286 2280 392 2317 actionem
403 2281 493 2328 indicet,
512 2281 640 2330 praecedere
653 2280 729 2318 debere
740 2280 801 2318 vide-

82 2333 171 2379 retur;“
190 2345 242 2381 quae
257 2332 344 2370 fortasse
355 2333 391 2369 Vir
407 2333 542 2370 amicissimus
555 2346 598 2370 non
614 2332 741 2382 scripsisset,
760 2332 800 2370 nisi

82 2386 173 2439 replebat
183 2384 323 2435 plurimorum
334 2385 437 2423 librorum
446 2385 560 2424 lectionem
569 2384 681 2423 habuisset.

126 2451 192 2489 titt.
220 2450 307 2501 templa]
324 2449 467 2501 fragmvind.
480 2451 549 2502 plana.
564 2472 590 2478 —
603 2449 722 2499 manebant]
738 2448 798 2490 Vind.

81 2502 130 2544 Ver.
139 2503 191 2541 Ven.
202 2506 307 2553 manebat,
320 2501 398 2555 fragm.
409 2502 469 2544 Vind.
481 2504 578 2544 nianebic.
