1690 2654
87 95 137 141 tto
306 93 588 137 ANNOTATIONES

89 203 234 256 expellendum
250 216 293 243 esse
307 204 368 243 nobis
383 205 530 256 persuaderet,
543 205 674 257 superfluum
690 199 776 245 scilicet
786 211 807 244 et

87 256 211 308 languidum
223 269 271 295 eum
282 269 331 307 esse,
342 257 445 309 nimisque
455 258 591 296 artificiosum
601 272 640 308 pro
650 258 709 310 gravi
714 258 806 296 Lucretii

87 309 230 359 simplicitate,
244 310 284 346 nisi
296 311 322 348 ob
334 310 393 347 iiiam
404 323 488 349 causam
500 323 582 348 versum
596 311 640 349 iam
650 311 745 361 spurium
754 323 806 348 cen-

86 361 173 412 suisset,
187 361 232 412 vix,
247 367 310 411 puto⁷
325 362 362 400 Vir
378 363 451 401 doctus
468 362 581 412 attulisset,
597 376 662 414 quum
675 375 699 400 ex
707 363 751 414 ipsa
763 361 806 400 loci

86 420 161 451 natura
177 420 198 451 et
213 414 320 452 scribendi
336 414 430 463 ratione,
452 428 493 467 qua
508 416 617 453 Lucretius
633 415 710 463 utitur,
730 427 806 464 parum

85 465 184 516 praesidii
198 465 316 505 habeant.“
343 466 376 504 Sic
392 467 437 505 fere
454 467 527 517 scripsi
542 467 563 504 in
577 468 627 505 Diss.
638 480 686 506 mea
694 467 708 507 l.
720 480 753 514 c.7
766 478 806 503 nec

87 517 203 569 quidquam
214 530 287 557 eorum
295 531 352 557 nuuc
363 519 449 570 quidem
460 525 575 558 retractare
586 532 679 570 possum.

140 586 197 624 1006.
226 583 303 634 tiabat]
317 585 377 623 Poor.
392 584 441 622 Brit.
453 586 472 625 2.
487 584 540 623 Brix.
551 586 639 633 dabant,
654 584 715 624 Vind.
726 583 775 623 Brit.
786 584 806 623 3.

85 639 136 674 Ver.
153 638 205 675 ven.
222 639 305 677 dedant.
323 657 350 664 -
367 637 456 685 merset]
483 638 530 675 Ver.
552 638 604 675 Veri.
623 648 721 682 mereret,-
741 647 806 686 quare

85 688 147 726 'rVak
159 688 227 726 addit:
242 687 318 736 „forte
327 702 427 735 mersans,
443 688 457 724 i.
471 699 487 724 e.
497 701 554 725 nunc
564 688 624 737 copia
635 701 706 725 rerum
716 701 806 727 mersans

86 740 123 778 dat
133 739 176 778 leto
187 740 289 777 membra.
306 738 413 788 Conf.‚VI,
424 736 500 780 1174.“
526 740 567 778 sed
575 740 628 780 nihii
637 746 750 791 propterea
759 752 806 777 mu-

85 791 174 830 tandum
186 804 230 829 esse
240 797 300 841 puto.

137 857 195 896 1007.
223 855 372 908 imprudentes]
386 854 415 892 sic
426 854 482 894 solae
493 855 538 894 Atd.
550 857 568 896 1.
579 856 598 895 2.
609 856 661 895 Bon.
672 857 739 903 Iunt,
755 867 805 907 quas

85 915 157 946 tamen
174 907 263 945 editores
278 914 336 945 recte
350 913 479 958 sequuntur3
494 908 553 946 Vind.
569 908 622 946 Bria.
635 909 683 947 Ver.
696 911 747 954 Ven.
757 924 805 960 pru-

86 964 169 1006 denter,
188 959 253 997 ceteri
269 971 341 996 omnes
356 962 474 1011 prudentes.
500 960 561 1002 Wak.
578 959 718 1007 demonstrat,
741 972 806 1011 quam

61 1059 63 1061 Ι
85 1012 148 1049 facile
158 1012 180 1049 iri
190 1012 294 1061 scriptura
303 1013 340 1050 Illi
350 1014 467 1064 tprudentec
477 1011 530 1051 iilud
540 1021 548 1052 ῑ
558 1011 666 1050 absorberi
676 1013 770 1063 potuerit
779 1012 805 1049 li-

85 1071 133 1111 tera
143 1071 266 1113 praeeunte.
807 1083 809 1085 >

139 1117 196 1154 1009.
220 1115 304 1168 pelleis]
321 1116 381 1153 Cant.
390 1116 462 1168 pelvis²
475 1115 506 1154 Pii
519 1115 584 1157 Codd.
595 1116 681 1168 quidam
695 1118 751 1166 (non
760 1115 806 1167 ipsa
822 1161 824 1163 ,

86 1167 136 1208 edit,
147 1170 209 1212 uon„
224 1179 287 1217 quam
297 1167 356 1204 Wak.
367 1168 544 1220 affert‚)spelues.

137 1220 162 1256 V.
173 1219 230 1258 1011.
257 1217 315 1255 abest
325 1232 336 1256 a
346 1218 406 1257 Vind.
416 1220 476 1258 Poor.
484 1219 533 1259 Brit.
541 1222 560 1260 3.
571 1221 628 1259 cant.
635 1219 689 1258 Brix.
696 1221 745 1258 Ver.
752 1220 804 1258 ven.

136 1269 194 1309 1014.
222 1269 289 1319 alsia]
303 1272 364 1309 Poor.
375 1270 426 1307 Brit.
438 1272 456 1310 1.
470 1271 522 1309 Brit.
536 1271 582 1310 Aid.
595 1274 612 1311 1.
623 1274 642 1311 Q.
656 1274 706 1309 Bon.
717 1272 813 1323 'algida'

86 1322 142 1375 (prod
151 1335 193 1359 non
203 1322 293 1369 mirum⁷
309 1334 373 1372 quum
384 1334 423 1360 vox
433 1324 498 1362 celsius
509 1336 548 1372 pro
558 1325 644 1363 altioeus
653 1336 757 1374 nusquam
768 1322 806 1360 aii-

84 1376 106 1413 bi
118 1379 226 1419 occurram
240 1373 290 1411 licet
300 1373 356 1423 apud
366 1373 406 1412 Cic.
418 1373 445 1411 ad
453 1378 494 1413 Art.
506 1375 542 1424 IV,
552 1377 570 1415 8.
581 1375 610 1414 in.
623 1382 643 1414 et
655 1375 682 1414 ad
691 1377 715 1421 Q.
725 1377 758 1412 Fr.
769 1376 804 1421 Hi,

85 1431 104 1467 1.
121 1426 176 1464 med.
191 1427 255 1464 alsius
271 1431 345 1474 utpote
363 1426 517 1476 comparativus
529 1426 633 1477 participii
646 1429 702 1466 airus
712 1426 805 1464 invenia-

84 1485 125 1518 tur.
153 1477 226 1528 (Cotti.
239 1476 337 1516 Ruddim.
349 1478 399 1517 inst.
410 1478 448 1516 Gr.
463 1479 480 1517 I.
491 1480 567 1528 p.179.
579 1486 623 1516 not.
633 1480 679 1526 52.)

136 1544 193 1582 1015.
216 1542 287 1595 ferre]
309 1542 395 1593 „Lugd
410 1540 431 1582 1.ι
442 1543 462 1581 2.
477 1544 538 1580 Poor.
554 1542 602 1580 Brit.
617 1544 635 1582 3.
655 1541 736 1592 [Baitai
754 1540 804 1581 Vari

86 1597 152 1645 [Veri.
166 1593 211 1632 aid.
224 1594 253 1644 1.]
274 1597 325 1632 Bon.
336 1595 403 1647 ferri‚·
422 1594 479 1632 unde
497 1593 591 1632 dubitare
607 1594 681 1643 liceat,
703 1592 805 1631 attaliam

84 1648 141 1685 forte
152 1647 332 1684 constructionem
342 1648 405 1696 poeta
415 1646 489 1693 vellet,
503 1648 556 1684 aloia
566 1646 666 1683 nimirum
674 1657 756 1698 propter
761 1645 805 1696 fri-

85 1713 135 1750 gua:
150 1697 206 1748 quod
218 1698 303 1735 videtur
319 1704 391 1737 tamen
404 1697 439 1734 vix
454 1697 575 1744 toierabiie,
590 1703 611 1734 et
626 1696 713 1734 minime
725 1696 805 1736 auderi-

86 1752 136 1788 dum
147 1750 236 1788 nobis.“
252 1753 323 1789 Woit.
350 1750 425 1800 Utique
436 1749 477 1787 hoc
490 1762 532 1786 nori
546 1749 679 1786 toieraudum
690 1749 753 1788 foret.
799 1783 801 1786 .

137 1816 195 1854 1018.
222 1817 332 1853 arizicitiem
350 1814 391 1861 (sic
408 1813 465 1851 enim
479 1814 533 1864 typis
550 1814 637 1851 exscribi
653 1813 721 1861 volui]
742 1813 804 1851 Wak-

86 1871 162 1918 (quem
174 1865 248 1905 Eichst
262 1872 282 1903 et
294 1865 356 1903 Oreil.
367 1870 497 1916 sequuntur)
512 1867 623 1903 restituite
636 1866 701 1916 Lugd.
713 1869 730 1903 1.
744 1867 803 1905 Poor.

86 1921 146 1958 Cant,
158 1919 206 1955 Ver.
219 1920 281 1966 Hom,
295 1931 307 1954 a
319 1917 393 1968 quibus
404 1930 446 1954 non
458 1917 557 1954 differunt
568 1917 620 1957 Brix.
633 1919 684 1955 Veri.
696 1923 716 1953 et
727 1916 772 1954 ΑΜ.
784 1919 803 1956 1.

85 1972 187 2008 Provocat
195 1971 223 2007 W
223 1970 255 2008 ak.
266 1969 292 2006 ad
303 1969 367 2017 Sosip.
380 1969 459 2007 Charis.
469 1972 484 2009 Ι.
494 1982 514 2017 p.
521 1968 553 2008 94.
565 1976 586 2006 et
595 1968 718 2006 Lucretium
729 1968 803 2018 ipsum,

87 2022 167 2072 quilii,
180 2022 212 2061 59.
226 2034 275 2059 usus
292 2021 318 2058 sit
334 2033 386 2058 voce
400 2024 511 2064 arietinam
526 2020 771 2068 cuiiocoadch7183.
784 2026 805 2057 et

86 2071 151 2121 1010,
165 2072 202 2110 ubi
213 2075 297 2112 notities
306 2072 418 2112 invenitur.
446 2073 456 2120 (
463 2071 520 2109 Conf.
533 2072 595 2109 etiam
606 2071 702 2110 Schneid.
714 2075 748 2110 Gr.
758 2074 804 2110 Lat.

86 2127 115 2163 Π.
127 2138 146 2174 p.
159 2123 204 2164 483.
214 2126 244 2173 s.)
276 2126 292 2161 E
305 2125 410 2162 contrario
423 2136 462 2161 usu
474 2123 501 2160 ad
511 2124 548 2169 IV,
557 2123 588 2163 45.
600 2130 621 2160 et
631 2125 662 2163 83.
677 2124 749 2176 effigia
765 2136 803 2174 pro

87 2178 168 2228 effigies
179 2183 302 2225 usurpatum
310 2176 406 2215 vidimus.
420 2197 445 2203 —
459 2177 564 2221 babentes,
578 2175 592 2212 i.
606 2188 623 2213 e.
637 2175 766 2221 habitantes,
780 2180 805 2211 ut

86 2228 108 2265 in
126 2227 185 2265 Ennii
200 2227 277 2279 fragm.
297 2227 351 2278 apud
370 2228 411 2266 Cic.
430 2226 457 2264 ad
475 2229 534 2264 Fam.
551 2227 601 2275 VII,
623 2230 642 2267 6.
666 2226 720 2275 (vid.
744 2226 805 2263 Ennii

85 2278 140 2317 Med.
155 2279 187 2318 ed.
202 2279 286 2318 Pianck.
302 2293 323 2329 p.
338 2280 363 2319 83
377 2280 416 2327 ss.)
441 2277 497 2327 apud
518 2279 634 2316 Varronem
652 2279 675 2317 L.
690 2280 713 2317 L.
728 2281 768 2326 IV,
783 2280 804 2318 8.

86 2332 152 2369 Plaut.
167 2331 222 2368 Men.
241 2331 295 2381 prol.
312 2334 343 2371 68.
362 2329 438 2370 Bacch.
454 2332 475 2379 1,
492 2330 518 2378 2,
532 2332 551 2369 6.
570 2330 627 2371 Trin.
642 2332 663 2376 J,
680 2331 703 2379 2,
721 2331 765 2373 150.
784 2335 805 2367 et

86 2394 176 2422 saeuius.

122 2421 196 2474 Δ1019.
223 2435 345 2485 Ριήίιαιηεὶ]
363 2433 393 2472 sic
408 2432 468 2470 Wak.
489 2431 576 2478 (Eichst.
592 2432 668 2480 Oreii.)
690 2444 739 2470 cum
753 2432 804 2469 Brit.

86 2490 104 2527 1.
115 2487 134 2527 3.
152 2488 212 2524 Cant.
229 2491 250 2522 et
264 2486 319 2525 lunt.
333 2492 388 2533 (non
403 2488 465 2532 Eum,
479 2496 542 2536 quam
557 2484 725 2534 Watz.1audat);
740 2483 805 2535 Lugd.
