1690 2654
141 148 151 154 ,
219 101 260 145 tt)
276 100 412 144 LIBRUM
429 101 609 155 QUARTUM.
729 99 776 146 361

53 208 74 250 2.
85 209 104 250 3.
118 207 188 259 Bria,
202 212 373 261 circumcaesura,
388 217 409 250 et
419 211 467 251 Ver.
477 213 540 263 Ver„
559 216 706 253 circumrotata
718 210 776 250 exhi.

47 261 137 309 ‚lientes;
151 262 197 302 Ald.
204 265 223 305 1.
233 270 255 303 et
264 265 317 304 Bon.
329 276 379 303 vero
391 268 466 305 circam
476 276 565 305 textura.
579 265 638 305 Conf.
649 264 677 303 ad
686 267 720 313 ΙΙΙ,
728 266 775 306 220.

107 315 151 354 650.
177 328 272 355 constant
282 316 343 357 Wak.
352 316 459 355 revocavit
470 329 495 355 ex
507 316 604 355 omnihus
619 316 688 365 libris,
701 315 774 355 locum

53 364 84 403 sic
97 365 256 416 interpretatus:
270 369 364 416 „eadem
381 376 411 406 est
420 368 475 406 ratio
489 368 643 406 constitutionis
654 370 676 407 in
687 369 775 407 semini-

53 417 100 467 bus,
112 431 137 457 ac
147 417 169 459 in
179 418 260 458 extimis
269 420 342 471 figuris
352 419 500 458 animantium:
512 420 658 459 dissimilitudo
668 421 773 462 scilicet.“

54 470 123 521 Vulgo
141 472 230 518 distant,
245 470 302 521 quod
316 470 385 511 Gifan.
402 485 413 509 e
429 472 536 510 veteribus
552 472 611 510 libris
622 484 643 509 se
659 473 774 512 restituisse

22 551 23 554 ¹
53 522 174 571 praedicat,
189 534 230 572 qua
243 522 269 559 de
280 535 304 560 re
314 523 376 561 nobis
386 522 450 562 liceat
459 523 562 563 dubitare.
576 546 601 552 -
609 524 693 577 figura]
706 525 773 579 Lugd.

54 575 73 613 1.
79 576 170 627 figaris,
184 573 234 611 Brit.
246 574 271 613 2.’
271 576 371 628 figuram.
543 605 545 608 »

106 625 151 665 662.
177 626 315 678 perhibemus]
330 627 380 666 Brit.
392 627 411 665 2.
418 623 576 678 perhibendum,
589 626 696 665 mendose.

105 675 150 718 654.
176 680 308 731 maioraque]
320 678 377 718 idem
391 680 440 718 Brit.
450 679 470 719 2.
485 692 528 718 non
542 679 612 718 minus
624 692 722 731 perverse
733 683 773 721 mi-

52 743 104 770 nora
119 747 150 769 ue.
219 740 224 747 ‘

104 745 149 822 555.
176 779 287 835 triquetra]
306 779 363 819 Bodl.
378 779 439 819 Vind.
454 780 505 820 Brit.
517 783 536 822 2.
549 782 568 822 3.
582 782 636 820 Brix·
653 784 701 823 Ver.
719 783 771 824 Ven.

53 834 175 887 triqaatria,
189 835 249 872 Poor.
263 834 322 871 cant.
335 836 451 885 triquatra,
465 833 514 871 Brit.
525 835 543 872 1.
557 837 673 886 trz'quetria.
694 835 771 882 (Conf.

52 884 79 923 ad
88 886 170 936 i‚718.)
183 907 210 913 -
223 886 272 925 aliis
279 884 345 923 semel
355 884 418 923 modo
430 891 518 935 apparet
527 885 548 922 in
557 887 605 924 Brit.
613 887 680 926 1.e.3.
693 893 714 925 et
719 888 772 930 Ven.

104 939 150 978 657.
175 941 230 977 ratio
240 936 279 987 at]
292 936 323 975 sic
339 936 399 977 Wak.
416 949 465 975 cum
481 937 579 988 plurimis
591 937 662 986 libris3
675 938 738 990 vulgo
749 950 772 978 ut

50 991 105 1029 ratio
118 1001 166 1028 cum
177 989 223 1029 Ald.
234 990 253 1029 1·
263 990 283 1028 2.
296 991 347 1029 Bon.
358 990 412 1028 lunt.

103 1043 148 1082 660,
174 1044 230 1089 Hoc,
243 1040 287 1078 scil.
300 1040 377 1088 mode,
389 1038 452 1079 Wak.
468 1051 493 1078 ex
506 1039 601 1078 omnibns
611 1040 670 1079 libris
680 1040 773 1080 restituit

50 1104 90 1144 pro
100 1092 182 1146 vulgari
193 1098 255 1145 Ergo,
265 1092 322 1143 quod
332 1091 437 1131 editorum
447 1092 548 1131 audaciae
559 1092 653 1133 debetur.
668 1093 727 1133 Gonf.
738 1106 772 1133 su-

50 1158 89 1196 pra
100 1146 127 1184 ad
136 1158 156 1183 v.
164 1145 210 1185 555.
221 1151 242 1182 et
253 1140 299 1184 624.

102 1199 146 1238 661.
173 1199 211 1236 Illi
216 1198 280 1248 ‚quoi
287 1194 348 1235 Wak.
358 1194 381 1233 in
393 1200 514 1234 contextum
524 1196 632 1236 revocavit
641 1195 689 1235 loco
699 1195 772 1249 vulga-

51 1255 85 1288 tae
98 1248 196 1290 lectionis
211 1250 269 1294 Illis,
283 1251 350 1302 queis,
364 1260 429 1298 quam
444 1259 472 1285 ne
486 1260 552 1286 unum
567 1249 652 1300 quidem
667 1256 726 1288 vetus
738 1262 771 1287 ex-

51 1302 145 1353 emplum
159 1313 199 1339 nec
214 1300 316 1350 scriptum
332 1311 372 1337 nec
386 1299 513 1351 impressum
527 1301 632 1351 agnoscit;
646 1303 695 1340 Bon.
704 1301 770 1339 modo

51 1353 87 1392 dat
101 1358 148 1408 qai,
162 1359 183 1391 et
195 1354 256 1391 Poor.
273 1352 333 1392 Cant.
349 1354 375 1390 ca·
385 1364 424 1402 pro
437 1356 486 1403 quoi
493 1364 530 1389 seu
539 1355 578 1391 cai.
591 1373 618 1380 —-
630 1353 724 1406 corpore]
739 1353 770 1391 sic

49 1405 108 1444 idem
117 1404 177 1444 Wak.
188 1417 237 1443 cum
247 1403 306 1441 libris
315 1404 361 1442 fere
371 1403 477 1452 omnihus5
490 1403 554 1454 vulgo
567 1419 658 1458 corpora,
670 1412 695 1443 ut
706 1405 768 1444 Vind.

49 1458 100 1499 Brit.
110 1459 129 1497 2.
139 1456 191 1496 lunt.
203 1463 223 1494 et
233 1455 279 1495 Ald.
290 1457 309 1495 2.

102 1511 146 1550 662.
175 1505 363 1556 contractabiliter]
388 1504 417 1545 sic
433 1504 498 1544 war·
508 1505 591 1556 scripsit
607 1519 656 1545 cum
671 1506 769 1557 plurimis

49 1560 117 1612 libris;
131 1560 195 1614 vulgo
213 1560 398 1606 attrectabitur,
411 1564 435 1596 ut
450 1557 473 1594 in
489 1559 544 1597 lunt.
554 1564 575 1595 et
585 1558 630 1608 ald.
640 1561 673 1607 2.;
686 1560 736 1600 Brit.
747 1561 768 1600 2.

51 1615 190 1654 cantabiliter.
203 1612 265 1652 Wak.
272 1612 313 1649 hoc
325 1610 447 1648 adverbium
457 1610 547 1659 explicat
560 1610 667 1660 „mollem
675 1624 713 1662 per
721 1617 769 1651 tra-

50 1667 197 1714 ctationem,“
210 1664 285 1704 melius
298 1662 375 1703 Eichst.
390 1662 413 1701 in
423 1660 503 1700 iudice:
517 1674 559 1712 „at
570 1667 694 1704 contrectari
707 1667 768 1705 iaaa-

48 1721 83 1759 aie
106 1719 177 1758 neat·“
401 1746 407 1754 ·

92 1735 147 1811 q664·
174 1773 254 1823 Aspera
267 1766 374 1817 nimirum]
388 1764 453 1818 Lugd.
467 1766 485 1805 1.
495 1766 515 1805 2.
528 1764 648 1805 vinosum.
658 1768 677 1808 2.
688 1768 708 1808 3.
717 1770 766 1809 Ver.

49 1823 101 1860 Ven.
113 1827 180 1876 Asper
189 1825 307 1864 animorum,
319 1818 368 1857 Brit.
377 1819 395 1858 1.
403 1825 484 1871 Aspera
494 1821 597 1857 minorum.
612 1839 637 1848 ·-
647 1820 765 1872 penetrant]

48 1873 98 1911 Brit.
113 1876 131 1913 1.
141 1885 270 1928 penetratur,
284 1871 335 1909 Brit.
345 1871 365 1910 2.
376 1881 508 1922 penetrantur,
522 1870 572 1908 Brit.
582 1871 601 1910 3.
612 1884 715 1923 penetrat.

100 1926 145 1965 665.
166 1924 236 1975 facile
246 1934 276 1963 est
286 1939 311 1961 ex
320 1921 365 1971 liis]
379 1923 442 1959 Hunc
452 1921 547 1960 ordinem
556 1922 670 1960 verborum
681 1935 691 1960 e
700 1921 766 1974 Lugd.

49 1978 68 2017 1.
82 1977 139 2019 Bodl.
152 1977 212 2018 Vind.
222 1975 272 2014 Brit.
285 1975 304 2020 3.
318 1975 377 2015 Cant.
395 1980 416 2011 et
431 1973 526 2011 omnihus
539 1972 597 2011 editt.
609 1979 670 2022 vett,
682 1982 767 2025 praeter

48 2032 102 2069 lunt.
110 2035 131 2066 et
138 2028 218 2078 Arda,
228 2027 288 2068 Wak.
298 2025 402 2069 restituit;
416 2024 478 2076 vulgo
485 2026 552 2076 facile
564 2041 589 2064 ex
600 2028 632 2064 liis
642 2031 680 2065 eir.
690 2047 717 2056 -
727 2032 767 2067 Est

40 2079 135 2132 ,omnino
150 2092 194 2118 non
207 2085 316 2130 comparet
330 2079 352 2116 in
366 2076 415 2116 Brit.
424 2078 454 2123 2.;
468 2076 545 2127 facilis
556 2083 627 2115 autem
636 2078 659 2116 in
668 2078 735 2132 Lugd.
745 2081 765 2120 2.

48 2138 121 2171 ortum
134 2138 164 2170 est
175 2145 186 2169 e
195 2132 299 2183 scriptura
309 2128 465 2180 compendiaria
470 2130 565 2180 facilest.

100 2186 146 2224 666.
172 2185 222 2232 bili]
235 2184 284 2223 Brit.
294 2184 313 2223 2.
329 2184 380 2230 bile,
394 2191 458 2233 quare
474 2180 536 2219 Wak.
553 2180 669 2231 suspicatur
681 2183 721 2223 bile
732 2197 766 2222 ex-

46 2252 70 2279 Su
85 2246 161 2276 esame.
292 2253 294 2256 ’

68 2251 83 2291 Ρ
99 2288 143 2327 667,
170 2288 240 2339 aliqua
254 2288 297 2338 est]
312 2288 361 2326 Ver.
377 2286 427 2324 Ven.
445 2282 490 2324 Ald.
506 2284 525 2323 1.
541 2283 593 2322 Bon.
608 2285 691 2338 aliqua,
710 2285 763 2326 Brix.

47 2340 140 2394 aliquas,
153 2339 202 2377 Brit.
211 2340 231 2378 2.
243 2342 367 2393 aliqaatias,
381 2336 430 2374 Brit.
441 2335 461 2375 3.
472 2337 543 2389 aliqua
555 2339 580 2376 si.

98 2392 143 2431 668.
170 2392 312 2441 Perturbatar]
326 2390 375 2428 Brit.
381 2391 400 2429 2.
410 2389 525 2428 Perturbat.
538 2408 564 2416 -
577 2391 618 2428 iam
628 2399 691 2428 taram
702 2387 763 2427 Wak.

47 2443 112 2482 edidit
123 2453 171 2481 cum
181 2441 238 2479 libris
247 2448 330 2481 tantum
340 2454 383 2480 non
394 2439 501 2489 omnibus5
517 2442 571 2479 lunt.
584 2447 605 2478 et
614 2440 659 2479 Ald.
667 2443 686 2480 2.
699 2449 763 2480 totam

46 2499 98 2545 iam,
109 2501 133 2533 ut
143 2493 206 2545 vulgo
216 2493 299 2546 legitur.
367 2499 374 2504 '

80 2564 196 2594 aucturus.
562 2549 606 2587 le
