1690 2654
224 114 226 117 ⁴
251 129 260 147 -v
311 103 420 148 amno
435 103 473 147 u.
653 63 656 66 ¹
699 99 746 147 147

81 217 195 258 Flammeus
207 217 238 257 est
249 213 364 267 plerumque
380 216 433 255 colos
447 217 467 254 et
479 212 591 264 splendidus
601 212 668 259 ,olleis

28 294 30 297 ·
81 271 159 320 Quippe
171 268 245 310 etenim
256 267 303 307 solis
316 269 341 306 de
352 268 428 309 lumine
443 267 506 305 multa
517 272 595 304 neeesse
608 272 638 305 est
734 310 737 312 .

81 323 195 372 Concipere,
207 320 230 359 ut
242 318 313 358 merito
325 320 416 366 rubeant,
428 318 532 368 igneisque
544 318 671 366 profundant.
706 314 746 357 21⁰

80 375 146 413 Hasce
158 370 220 422 igitur
232 382 293 420 quom
304 374 373 408 ventus
386 381 447 420 agens
460 368 556 407 contrusit
565 368 587 406 iu
599 382 661 409 uuum

81 423 240 472 Gompressitque
251 422 319 459 locum
331 433 414 471 eogens;
428 431 519 469 expressa
530 420 649 468 profundunt

81 475 169 520 Semina·
183 485 234 522 quae
245 472 321 511 iaciunt
333 472 428 510 flammae
440 472 519 522 fulgere
532 471 613 509 colores.
673 517 675 521 ,

106 525 176 576 Fulgit
185 526 244 573 ‘item
255 523 315 574 quom
327 527 430 562 rarescunt
442 534 521 571 quoqne
532 522 601 561 nubila
613 522 671 563 coeli.

80 576 138 624 Nam,
151 587 211 626 quom
222 580 293 615 ventus
307 588 340 614 eas
355 575 426 614 leviter
439 573 514 613 diducit
526 573 608 622 eunteis,
703 573 744 615 215
758 594 760 597 ·

79 628 219 677 utunturque,
232 627 304 667 eadam
315 627 398 678 ingratis
411 627 451 666 olla
461 637 542 684 necesse
553 628 584 663 est

70 678 169 727 Semina,
178 691 232 729 quae
243 679 319 718 faciunt
330 680 440 730 fulgorem:
454 681 497 717 tum
510 676 552 716 siue
563 680 615 718 tetro

80 731 199 777 Terrorect
211 730 278 770 sonitis
290 730 357 781 fulgit,
370 731 462 779 nulloque
474 729 565 768 tumultu

106 784 165 832 Quod
176 786 269 833 superest,
282 782 337 833 quali
348 786 421 824 natura·
430 780 521 834 praedita
533 783 622 830 constent
708 826 716 831 Ἴ,
731 826 733 829 ,

80 834 181 886 Fulmina,
194 836 294 884 declarant
306 835 358 875 ictus
372 840 391 886 et
403 835 469 874 inusta
480 847 555 885 vapore
582 849 584 851 ·
694 832 744 874 22⁰

80 885 144 938 Signa
156 889 264 937 notaeque
273 887 353 938 graneis
364 888 454 926 halantes
468 885 567 936 sulphuris
580 896 645 932 auras.
675 929 677 932 ¹

79 938 135 991 Ignis
148 938 201 978 enim
214 939 326 987 sartham,
338 950 378 977 non
390 938 443 977 venti
457 937 520 988 signa,
533 949 597 987 neque
609 935 687 977 imbris.

84 1019 86 1021 -
106 991 218 1038 Praeterea,
230 997 291 1039 saepe
302 991 409 1029 accendunt
421 1002 499 1038 quoque
511 993 561 1028 tecta
575 988 686 1039 domorum,

79 1041 106 1081 ut
119 1042 181 1080 celeri
192 1041 445 1088 flamma-dominanturin
458 1040 539 1079 aedibus
551 1039 606 1089 ipsis.
618 1047 620 1049 ’
713 1083 714 1086 ¹

79 1094 140 1132 Hune
152 1092 189 1132 tibi
201 1093 294 1132 subtilem
307 1091 434 1142 cumprimis
447 1091 526 1143 ignibus
538 1090 606 1144 ignem
638 1101 641 1109 '
703 1090 744 1134 225

44 1176 47 1177 γ
79 1143 184 1182 Constituit
195 1147 267 1183 natura
278 1144 360 1182 minutis
371 1144 458 1183 motibus
471 1146 532 1193 atque

79 1194 211 1244 Corporibus,
224 1195 271 1245 quoi
283 1195 312 1233 nil
324 1195 404 1234 omniuo
417 1194 511 1234 obsistere
521 1193 589 1244 possit.
605 1213 607 1215 ·
662 1218 665 1222 ›

79 1244 162 1285 Transit
173 1247 226 1285 enim
238 1246 327 1286 validum
339 1247 415 1285 fulmen
427 1259 464 1296 per
476 1250 550 1296 saepta·
556 1247 667 1295 domorum,

78 1297 203 1341 Glamor'uti
215 1309 239 1338 ac
251 1299 323 1346 voces,
339 1298 409 1337 transit
420 1311 455 1347 per
468 1310 521 1347 saxa,
534 1311 569 1347 per
582 1302 638 1345 aera;
654 1302 656 1305 ⁴

78 1350 106 1389 Et
117 1348 214 1398 liquidum
227 1354 298 1400 puncto
310 1350 360 1389 facit
373 1362 406 1397 aes
418 1350 542 1400 intempore
554 1352 573 1388 et
585 1361 664 1390 aurum.
702 1347 742 1389 23⁰

77 1401 141 1445 ¹Curat
150 1402 204 1450 item,
217 1402 270 1441 vasis
282 1401 365 1453 integris
377 1401 424 1440 vina
435 1406 516 1452 repente

78 1452 205 1503 Diffugient;
218 1454 266 1502 quia
277 1454 372 1498 nimirum
385 1453 445 1491 focile
457 1453 524 1492 omnia
537 1451 613 1492 circum

79 1503 170 1543 Gollaxat
181 1517 265 1554 rareque
276 1504 326 1543 facit
338 1504 455 1543 lateramina
466 1504 511 1544 rasi

78 1555 189 1602 Adveniens
201 1557 256 1595 calor
268 1556 321 1602 eius3
333 1559 368 1607 nt,
377 1556 487 1595 insinuatus
499 1556 520 1595 in
532 1554 613 1609 ipsum„

78 1606 183 1648 Mobiliter
195 1609 271 1648 solvens
284 1608 352 1652 differt
363 1608 473 1659 primordia
484 1607 537 1647 vini:
702 1605 742 1648 235

81 1658 139 1705 Quod
151 1659 198 1698 solis
202 1672 272 1709 uapor
283 1663 368 1698 aetatem
380 1673 419 1698 uon
431 1673 488 1709 posse
499 1659 579 1698 videtur
710 1662 712 1666 ’

77 1709 170 1758 Efficere,
183 1723 245 1760 usque
258 1711 307 1750 adeo
320 1711 391 1750 cellens
404 1713 483 1759 fervore
496 1723 587 1752 corusco:

78 1760 144 1800 Tanto
157 1762 251 1801 mobilior
262 1762 293 1802 vis
306 1768 326 1802 et
338 1763 471 1803 dominantior
481 1763 533 1803 haee
545 1766 581 1802 est,
671 1809 673 1812 ι

103 1813 167 1861 Nune,
181 1827 206 1852 ea
218 1827 256 1863 qno
268 1815 326 1863 Paeto
339 1815 452 1866 gignantur,
465 1818 485 1852 et
496 1815 570 1864 impete
581 1815 637 1856 tanto

76 1863 143 1911 Fiant,
155 1868 178 1904 ut
189 1866 263 1916 possint
274 1865 316 1904 ictu
328 1866 437 1905 discludere
450 1866 528 1913 turreis,
700 1862 741 1906 240

76 1916 194 1956 Distmbare
207 1917 282 1966 domos,
290 1917 380 1957 'avellere
393 1918 449 1969 tigna
461 1917 579 1968 trabeisque,
590 1956 592 1958 ,

76 1967 103 2007 ut
115 1968 236 2008 monimenta
246 1970 313 2008 vimm
326 1970 416 2008 demoliri
426 1972 487 2021 atque
503 1969 562 2017 ciere,

76 2020 196 2074 Exanimare
208 2021 304 2070 homines,
316 2021 398 2070 pecudes
410 2026 532 2071 prosternere
544 2019 625 2071 passim,

77 2071 148 2111 Cetera
161 2074 185 2111 de
197 2086 273 2125 genere
285 2074 324 2112 hoe
337 2080 376 2123 quo
388 2072 410 2111 vi
422 2074 489 2112 faeere
501 2074 567 2113 omnia
579 2071 660 2122 possint,

75 2122 192 2173 Enpediam⁷
204 2138 269 2175 neque
281 2122 301 2164 te
312 2124 333 2163 in
345 2125 446 2175 promissis
457 2126 516 2175 plura
528 2126 628 2164 morabor.
699 2122 739 2165 245

101 2176 195 2216 Fulmina
207 2177 286 2229 gignier·
299 2189 310 2214 e
323 2177 393 2215 crassis
406 2178 489 2226 alteque,
503 2177 662 2227 putandumst,

75 2224 165 2265 Nubibus
177 2229 290 2267 exstructis=
303 2241 350 2267 nam
363 2228 418 2266 coelo
430 2229 486 2266 nulle
497 2242 581 2279 sereno,-

15 2278 19 2282 ’
75 2275 117 2316 Nec
128 2278 199 2318 leniter
212 2279 275 2319 densis
287 2279 391 2319 mittuntur
403 2278 488 2319 nubibus
499 2292 594 2329 unquam.

74 2327 127 2367 Nam
139 2329 198 2381 dubio
211 2331 283 2382 procul
293 2332 332 2370 hoc
344 2331 389 2370 fieri
398 2331 504 2371 manifesta
516 2332 572 2371 docet
583 2343 623 2383 res,

75 2380 134 2427 Quod
146 2385 192 2419 tunc
204 2395 242 2431 per
254 2387 317 2421 totum
330 2387 456 2421 concrescunt
468 2385 516 2422 aira
528 2386 589 2422 nubes
600 2424 602 2427 ,
698 2380 737 2423 250

74 2430 172 2489 Undique,
185 2433 216 2476 uti
228 2435 318 2485 tenebras
331 2434 406 2474 omneis
418 2435 532 2475 Acherunta
545 2446 626 2475 reamur

74 2480 169 2534 innuisse,
183 2486 202 2525 et
213 2496 298 2536 magnes
310 2486 360 2528 coeli
372 2486 479 2539 complesse
491 2498 597 2528 cavernas:
664 2508 666 2510 ·
