1690 2654
71 114 119 162 178
139 84 141 87 >
295 114 564 160 ANNornrroNEs

70 224 173 277 Euripidis
188 225 247 263 locus
260 222 319 277 (lph.
335 224 381 265 Aut.
393 226 476 274 1566),
494 239 558 278 quem
566 226 628 267 Wak.
645 226 668 265 in
684 226 790 266 Addendis
844 242 845 268 1

71 278 98 317 ed
107 277 122 315 l.
134 279 151 315 Ι.
163 291 185 328 p·
195 278 241 317 383.
253 283 369 328 comparat,
382 277 435 315 nihil
448 279 531 329 prohat.
603 312 605 315 .
844 301 845 304 =

122 331 155 369 93.
181 330 291 380 submissa]
307 328 356 369 God.
370 330 418 368 Brit.
431 332 449 369 1.
465 332 564 378 subnixa,
585 342 647 381 quarn
663 329 790 381 scripturam

70 380 172 422 Wakhic
183 381 268 432 quidem
274 381 375 432 praefert,
380 381 401 419 in
411 381 515 420 Addendis
522 395 571 419 vero
581 381 596 420 1.
604 396 621 421 c.
632 395 703 420 rursus
714 380 790 420 reiicit.

122 434 168 472 103.
196 435 270 471 Versus
282 432 360 485 legitur
369 434 425 484 apud
434 435 496 472 Prisc.
508 436 554 481 ΧΠ,
562 434 580 473 5.
596 434 629 484 (p.
641 432 686 474 947.
697 434 731 482 P.)
822 467 824 471 .
842 459 843 465 .

123 487 168 524 103.
194 484 274 523 Nonius
289 486 333 534 ΙΙΙ,
350 487 382 525 90.
397 489 430 536 (Ρ.
441 486 486 526 599.
504 488 539 534 G.)
552 486 614 523 affert
626 485 683 523 hunc
698 496 790 532 versum,

70 542 95 574 ut
110 535 252 583 demonstret,
271 537 393 575 Lucretium
403 539 470 588 finem
484 538 557 577 femin.
568 550 645 589 genere
659 537 739 576 dixisse.
766 538 791 574 Et

69 587 101 626 sic
111 599 162 626 sane
174 587 221 626 fere
231 600 321 637 semper,
334 595 420 639 praeter
429 592 444 635 1,
456 590 501 629 556.
514 596 534 627 et
545 590 573 639 II,
585 591 643 629 1116.
657 591 699 637 (De
711 586 791 639 duplici

69 651 147 690 genere
163 640 221 678 vocis
236 640 293 678 conf.
310 640 408 680 Ruddim.
424 643 472 678 Inst.
486 643 521 679 Gr.
533 641 551 680 I.
562 654 583 690 p.
594 641 626 681 25.
645 640 740 680 Schneid.
754 642 790 679 Gr.

69 692 115 732 Lat.
126 695 151 730 ll.
162 704 182 742 Ρ.
195 693 232 730 100
241 694 270 737 s.)
285 694 372 729 Sensum
382 704 432 729 uero
441 692 502 729 huius
512 704 584 729 versus
594 689 673 729 etcum
685 691 790 741 prioribus

70 755 189 781 connexum
199 755 239 779 nec
251 741 341 779 editores
350 742 399 779 satis
409 742 585 791 demonstrarunt,
599 755 639 780 nec
649 743 725 780 Censor
733 744 790 780 Kne-

69 794 120 832 belii
131 794 153 831 iu
167 793 252 842 Ephem.
263 793 295 830 lit.
307 793 352 833 Hal.
365 794 423 833 1823.
440 794 472 833 ch.
481 795 527 835 239.
538 800 597 832 recte
612 793 692 844 cepisse
700 794 790 833 videtur.

69 844 228 895 Simplicissima
240 844 295 882 ratio
305 844 420 883 mihi'haec
431 844 520 891 videtur,
535 852 558 882 ut
568 845 632 883 verba
642 857 663 884 et
674 848 745 885 merito
756 858 790 884 re·

68 896 167 934 ferantur
176 902 260 934 tantum
272 895 299 934 ad
309 909 393 934 versum
408 897 502 946 proxime
513 897 688 947 praecedentem,
703 903 724 935 et
734 897 790 935 diota

68 947 273 999 intelliganturpro:
286 948 410 998 necessario,
426 949 482 1000 quod
492 962 534 986 non
545 950 623 986 mirum
634 955 671 996 est,
684 948 741 998 quod
751 948 791 986 ali·

68 1004 102 1038 ter
111 999 159 1037 fieri
169 1000 249 1051 nequit,
261 999 317 1046 (scil,
329 1006 350 1037 te
356 1000 492 1038 vehementer
501 1000 577 1045 terreri
586 1000 664 1039 fabulis
675 999 791 1052 illis‚'quae

69 1064 108 1104 ego
120 1064 210 1103 quoque,
224 1058 247 1089 ut
259 1052 324 1090 ceteri
334 1054 421 1102 poetae,
434 1052 473 1090 tihi
483 1052 563 1104 fingere
574 1052 678 1104 possim),
693 1051 742 1103 quia
752 1051 791 1090 ho·

68 1103 147 1153 mines,
163 1102 232 1154 (quod
243 1104 361 1142 verecunde
372 1104 451 1141 dictum
464 1111 494 1143 est
504 1117 543 1154 pro
554 1110 587 1152 tu¹
607 1103 695 1155 perinde
710 1115 735 1142 ac
754 1103 791 1143 alii

68 1155 189 1201 homines,)
208 1155 245 1206 qui
255 1155 338 1193 veriora
348 1155 431 1205 Epicuri
444 1155 543 1208 dogmata
553 1168 597 1193 non
606 1161 732 1206 sequuntur,
750 1168 791 1193 ne-

69 1207 151 1254 sciunt,
171 1213 240 1244 morte
257 1206 329 1244 omnia
342 1206 409 1253 liniri,
428 1207 518 1258 ideoque
527 1207 582 1245 iram
593 1207 693 1255 deorum,
711 1218 790 1257 poenas

68 1257 189 1297 inferorum
201 1264 241 1297 etc.
251 1263 332 1295 temere
342 1264 446 1297 metuunt.

123 1311 168 1349 111.
194 1311 287 1348 restandi
296 1308 310 1349 i.
321 1321 338 1346 e.
350 1308 467 1355 resistendi,
481 1308 586 1346 renitendi
599 1309 634 1356 (ut
643 1310 672 1354 H,
683 1306 727 1348 450.
739 1313 792 1346 'aera
817 1315 824 1321 ”

69 1360 165 1398 claustris
178 1360 307 1410 restantia).
334 1359 395 1398 Wak.
411 1361 473 1398 affert
490 1360 547 1400 ovid.
559 1362 612 1400 Fast.
625 1361 654 1407 H,
665 1358 710 1400 719.
725 1367 746 1398 et
760 1359 791 1397 Si·

68 1411 121 1459 lium
131 1416 165 1461 vt,
179 1412 210 1452 15.
236 1412 289 1449 Vide
302 1411 365 1450 etiarn
376 1413 491 1452 Broukhus.
507 1412 533 1450 ad
543 1414 605 1462 Prop.
617 1413 658 1460 ΠΙ,
669 1414 688 1457 6,
699 1414 739 1459 31,
753 1409 791 1463 qui

68 1471 164 1502 nostrum
179 1476 263 1515 quoque
275 1463 348 1502 locum
363 1477 407 1501 non
420 1464 523 1516 neglexit,
538 1465 632 1502 Gronov.
651 1470 672 1501 et
684 1463 789 1501 Drakenb.

68 1516 96 1553 ad
107 1516 151 1555 Lir.
161 1515 247 1566 meu,
264 1521 285 1554 et
296 1517 332 1567 qui
342 1516 368 1554 ab
378 1515 410 1553 his
421 1516 542 1554 laudantur.

121 1569 166 1607 112.
189 1583 269 1620 poenae
283 1567 403 1617 timendum]
426 1570 504 1606 Rursus
520 1565 649 1605 constructio
661 1564 688 1603 ad
699 1567 792 1603 Graeco·

68 1630 118 1657 rum
129 1619 302 1657 consuetudinem
314 1621 487 1668 accommodata,
501 1620 537 1668 (ut
551 1622 565 1665 1,
579 1620 623 1657 139.
637 1617 705 1654 multa
721 1629 792 1669 agun-

69 1670 127 1719 dum,
141 1675 157 1717 Ι,
169 1672 215 1710 382.
229 1670 355 1721 privandum
369 1684 465 1720 corpora,
479 1673 504 1718 11,
514 1668 560 1709 492.
576 1669 695 1706 addendum
713 1675 790 1717 partes,

70 1729 91 1759 et
101 1723 206 1771 saepius)
219 1734 284 1771 quarn
296 1722 378 1760 Wakel.
391 1722 421 1759 sic
431 1721 476 1759 vult
487 1721 618 1759 intellectam
631 1725 652 1757 et
661 1721 790 1769 suppletam:

15 1794 24 1797 ·=
68 1773 194 1820 timendum,
204 1785 282 1821 poenas
292 1772 374 1809 futuras
385 1785 434 1812 esse.
459 1774 545 1819 ,Praeter
555 1772 627 1809 Lamb.
638 1773 687 1811 Hav.
700 1776 720 1808 et
729 1771 756 1809 W
757 1770 791 1810 ak.

69 1823 96 1861 ad
107 1824 128 1864 h.
137 1823 152 1862 1.
165 1823 222 1862 conf.
235 1823 338 1864 Drakeuh.
350 1824 376 1862 ad
387 1824 422 1863 Sil.
434 1825 479 1862 ital.
491 1826 527 1871 XI,
538 1825 583 1866 562,
610 1823 687 1859 Sanctii
698 1822 791 1860 Minerva

68 1878 103 1922 itt,
114 1878 133 1915 8.
142 1873 209 1926 pret
219 1888 245 1912 ss.
259 1876 322 1914 Periz.
332 1877 417 1914 Gesneri
427 1878 474 1915 Ler.
485 1880 536 1916 rust.
547 1879 563 1915 εξ
575 1890 594 1914 v.
607 1874 718 1911 Gerundia.
734 1873 789 1910 Rud-

69 1927 121 1966 dim.
131 1930 179 1966 Inst.
194 1929 229 1966 Gr.
239 1930 263 1965 u.
274 1940 294 1977 p.
303 1929 341 1967 251
350 1940 375 1966 ss.
389 1928 445 1965 Iahn.
459 1928 485 1966 ad
494 1925 550 1979 Virg.
561 1931 611 1965 Aen.
621 1926 658 1968 XI,
668 1925 714 1965 230.
730 1927 789 1963 Gete-

68 1991 117 2017 rum
127 1977 162 2016 hic
172 1992 190 2016 v.
204 1981 248 2019 112.
261 1978 303 2017 iam
316 1993 328 2017 a
338 1980 408 2017 Servio
419 1980 445 2017 ad
454 1981 511 2031 Virg.
521 1980 535 2018 l.
546 1979 561 2017 Ι,
571 1982 756 2015 commemoratur.

123 2031 224 2070 116.117.
257 2031 388 2081 „ipsissimas
405 2044 466 2069 voces
482 2031 541 2068 Ennii
557 2027 632 2079 procul
649 2027 712 2065 dubio
730 2026 790 2069 nohis

17 2129 19 2132 f
70 2082 154 2120 exhibet
163 2084 244 2121 Lucr.“
257 2084 296 2120 Sic.
308 2083 398 2137 Wnlcef.‚
413 2083 449 2134 qui
457 2097 476 2121 v.
485 2085 529 2123 116.
539 2085 647 2128 comparat
657 2092 704 2117 curn
713 2079 791 2130 fragm.

69 2133 126 2182 opud
141 2133 233 2172 Nonium
252 2147 268 2175 s,
287 2148 305 2174 v.
325 2147 410 2185 specus:
426 2134 517 2183 (Hessel.
532 2134 553 2183 Ρ
567 2132 627 2179 229.)
642 2137 663 2168 et
677 2131 718 2168 alio
734 2129 801 2180 apud¹

71 2184 188 2223 Varronem
199 2186 221 2226 L.
232 2187 253 2225 L.
265 2187 298 2223 VI.
310 2199 330 2236 p.
342 2189 373 2228 81,
384 2187 427 2237 Bip.
443 2185 534 2235 (Hessel.
547 2197 567 2234 p.
579 2184 638 2231 239.)
655 2183 724 2233 potius
735 2182 762 2219 ad
771 2195 791 2223 v.

70 2237 115 2275 121.
126 2237 249 2285 pertinente.
263 2239 348 2276 Rectius
358 2251 406 2276 eum
416 2239 485 2278 v.117.
495 2242 635 2286 comparasset
643 2234 704 2272 Ennii
713 2235 790 2285 fragm.

69 2287 127 2338 apud
139 2288 228 2325 eundern
245 2292 304 2329 Varr.
316 2291 339 2328 L.
350 2292 373 2329 L.
384 2292 417 2328 tv.
436 2303 453 2340 p.
467 2291 498 2329 18.
513 2288 556 2337 Bip.
583 2287 653 2336 „lude
670 2284 791 2331 venitdivi7

69 2341 122 2377 nitu’
132 2338 207 2389 pulleis
216 2341 322 2378 insinuans
333 2354 354 2379 se
364 2345 411 2392 Ipsa
422 2340 513 2378 anima“
528 2338 616 2388 (Hessel,
628 2339 720 2390 pete),
735 2335 792 2388 quod

67 2391 136 2444 miror
146 2389 239 2442 editores
250 2391 334 2443 fugisse.
346 2395 467 2446 -pecudes
476 2392 539 2437 aliast
554 2395 624 2440 „iram
632 2389 720 2427 ethomo
728 2399 791 2438 pecus

70 2449 115 2492 est,
128 2442 218 2480 Horatio
229 2441 304 2480 saltem
315 2449 380 2490 teste,
394 2446 435 2482 sat.
447 2446 465 2487 1,
476 2445 495 2491 3,
508 2444 572 2483 100.“
585 2442 645 2481 Wak.
666 2440 725 2480 Conf.
737 2452 791 2489 quae

70 2494 97 2534 ad
105 2507 124 2535 v.
134 2492 166 2534 14.
180 2494 336 2546 disputavimus.
363 2497 461 2534 Ceterum
477 2507 511 2534 res
524 2495 631 2549 notissima
649 2499 692 2544 est,
705 2491 791 2531 Latinos
