1690 2654
75 145 124 191 408
294 142 575 187 Announuronus

75 253 125 294 Brit.
136 253 153 292 1.
166 251 215 291 Ver.
226 250 279 291 Ven.
295 265 335 304 pro
351 255 392 294 sibi
407 270 484 308 cunque
501 254 600 293 exhibent
616 252 795 308 omnique‚Vi11d.

75 307 205 358 simonique,
220 304 269 345 Brit.
282 307 301 345 2.
314 308 354 345 sibi
371 311 436 355 onuzi,
450 307 525 347 111111.
542 310 592 345 Bon.
607 309 725 358 subitoque,
742 317 795 356 ques

75 357 133 395 editt.
146 363 167 393 et
179 359 253 396 Cedere
262 356 341 396 hebent
349 371 387 409 pro
402 365 513 410 Quaerere;
526 357 582 396 unde
593 358 615 395 in
626 359 681 397 lunt,
691 363 711 394 et
723 357 768 397 Ald.
774 359 795 397 2.

74 408 143 446 omnis
152 420 222 446 versus
237 422 248 447 e
259 410 344 447 Marulli
356 411 409 449 coni.
421 411 450 449 sic
463 411 550 462 legitur:
565 413 638 449 Cedere
647 424 751 463 proporro,
761 424 796 448 su·

74 461 157 513 bitaque
171 476 274 501 senescere
292 477 353 508 oosu;
375 474 429 514 quae
442 462 533 513 vulgaris
547 462 611 500 lectio
626 461 690 501 facta.
721 461 795 507 Faber,

73 524 135 550 versu
152 512 291 551 antecedente
307 514 387 561 deleto,
400 515 443 566 legi
452 515 518 552 voluit
531 517 643 567 Omniaque
656 525 679 552 ut
687 527 751 565 porro
761 528 795 552 su·

73 565 155 617 bitoque
164 579 266 605 senescere
275 568 354 616 credas,
365 567 458 606 Vbssius:
472 572 528 617 Quae
537 582 595 606 ruere
601 568 700 619 proporro
710 566 739 603 itt
748 580 795 603 oan-

73 632 113 667 que
122 632 225 656 senescere
235 619 313 664 credas,
327 618 385 669 quod
394 619 492 668 Preigero
502 619 588 668 placuit.
615 621 688 655 Sensus
697 622 795 666 receptae

72 668 181 718 lectionis,
197 681 260 719 quem
273 682 317 707 non
330 682 385 721 nego
396 670 468 719 paullo
482 669 626 708 obscuriorem
639 681 682 706 esse
694 666 717 706 et*
727 667 795 718 impe-

73 719 184 770 ditiorem,
199 720 234 758 1110
250 732 294 758 esse
308 719 381 758 debet:
395 722 469 758 Nonne
480 732 543 770 saepe
553 720 684 758 monimenta
692 726 737 758 tam
752 719 794 757 cito

73 784 173 809 corruere
185 771 292 821 videmus,
303 777 329 809 ut
341 771 416 823 aliquis
426 771 513 809 eredere
522 771 599 822 possit.
613 783 638 810 ea
645 773 691 823 ipse
702 783 794 824 quocun-

73 823 187 876 quemodo
200 836 301 875 quaerere
311 823 352 862 sibi
362 836 470 862 senescere
479 823 494 865 i.
506 835 523 862 e.
533 829 671 865 senectutem.

124 890 149 926 V.
159 887 205 929 314.
231 889 311 927 Nonius
321 887 393 925 laudat
401 887 446 938 ΠΙ,
457 889 502 928 209.
516 889 549 939 (p.
564 890 609 929 611.
623 888 701 938 Goth.)

125 941 171 980 317.
198 942 292 979 Verbum
304 941 431 994 pertolerare
446 947 531 989 praeter
545 941 602 979 hunc
613 940 687 980 locum
696 952 740 979 non
754 938 794 978 nisi

73 990 96 1029 in
107 992 173 1033 Plaut.
183 993 258 1044 Amph.
269 1004 351 1044 suppos.
363 1004 383 1029 v.
392 992 424 1031 20.
436 991 526 1030 inveniri
536 992 624 1031 videtur.

125 1056 164 1096 319
171 1069 198 1095 ss.
218 1056 288 1095 Omnis
297 1057 332 1095 hic
341 1057 401 1095 locus
411 1056 473 1095 fluxit
482 1069 493 1095 e
503 1056 587 1095 Pacuuii
596 1056 688 1095 versibus
696 1055 718 1094 in
729 1054 793 1104 Chry-

72 1121 95 1147 se
109 1111 155 1147 Hoc
168 1110 215 1147 vide
231 1112 306 1149 circum
322 1113 437 1162 supraque,
450 1111 504 1162 quod
521 1111 624 1159 complexu
641 1110 731 1148 continet
745 1113 792 1155 ete,

73 1172 126 1211 quos
143 1159 246 1198 Columna
262 1161 289 1197 ad
303 1162 395 1198 Ennium
412 1174 433 1211 p.
450 1162 496 1201 287.
512 1162 545 1211 (p.
559 1163 597 1201 180
608 1173 624 1198 5.
635 1160 727 1209 Hessel.)
742 1171 793 1198 cum

73 1219 146 1250 nostro
155 1211 203 1249 loco
215 1219 331 1263 comparat.
344 1234 369 1242 -
385 1214 460 1262 Tuere]
474 1214 535 1252 Poor.
545 1213 591 1251 Ald.
602 1215 621 1252 1„
631 1217 680 1253 Bon.
689 1228 753 1252 ruere.
766 1233 793 1240 -

73 1279 111 1317 que
122 1263 180 1301 deest
187 1263 209 1299 in
218 1265 266 1302 Ver.
277 1265 341 1312 Ven,
355 1269 380 1302 ut
390 1266 444 1316 quod
454 1264 476 1301 in
487 1263 547 1304 Vind.
562 1286 586 1293 -
601 1264 670 1314 omne]
685 1263 715 1301 sic
730 1262 792 1303 Wak.

72 1328 122 1353 curn
139 1314 235 1363 omnibus
249 1315 295 1354 fere
310 1315 379 1366 libris3
393 1315 456 1367 vulgo
473 1322 600 1367 omnemque
611 1315 651 1353 soli
661 1315 719 1355 Bodl.
729 1315 791 1354 Vind.

71 1370 126 1407 tunt.
139 1373 161 1404 et
171 1366 216 1403 Ale.
227 1368 247 1407 2.

67 1431 73 1434 '¹
123 1420 169 1459 320.
196 1430 296 1459 terrarum
306 1417 369 1459 Wek.
378 1418 460 1470 recepit
471 1432 483 1459 e
493 1419 543 1459 Brit.
553 1422 584 1469 1.;
598 1419 643 1458 tid.
654 1423 673 1460 1.
683 1417 738 1470 ibon.
750 1430 791 1458 ter·

70 1473 114 1517 rai,
131 1470 181 1508 urit.
195 1475 214 1510 1.
230 1486 282 1524 quae
298 1481 386 1519 terram,
406 1473 466 1512 cant.
480 1475 535 1526 quod
553 1484 639 1517 terram5
662 1471 728 1510 ceteri
743 1470 792 1509 libri

71 1534 144 1560 omnes
156 1534 243 1571 terram,
258 1523 315 1575 quod
327 1522 384 1575 vulg.
396 1523 453 1561 editt.
468 1531 563 1571 servant,
576 1524 648 1571 addita
662 1523 792 1561 coniunctio-

70 1587 98 1612 ne
110 1577 176 1627 quod,
191 1588 254 1625 qnam
269 1588 313 1613 non
329 1581 446 1627 agnoscunt
454 1576 515 1614 vind.
528 1576 576 1613 Brit.
586 1577 605 1615 2.
616 1576 670 1613 Brir.
681 1577 727 1613 Ver.
738 1576 790 1615 Veri.

70 1626 117 1664 Ald.
129 1629 148 1666 1.
162 1634 182 1664 et
193 1630 242 1666 Bon.
254 1632 316 1666 Omne
329 1640 428 1667 terrarum
440 1634 511 1665 autem
524 1627 603 1665 dictum
614 1634 694 1677 estfut
704 1629 720 1676 1,
731 1628 790 1667 1068.

69 1682 138 1731 prima
151 1681 206 1727 viat,
222 1681 310 1728 1‚1089.
329 1680 381 1719 caeli
397 1681 479 1718 caerula
493 1686 533 1718 etc.
548 1679 600 1729 [vid.
618 1679 791 1726 ad1‚87.1040.

71 1731 130 1769 1068.
142 1732 209 1780 etc.);
224 1743 275 1780 quos
284 1731 354 1778 locos,
368 1743 437 1769 emea
446 1731 558 1779 sententie,
573 1730 634 1770 Wak.
645 1730 723 1769 rectius
733 1743 791 1768 com·

71 1787 176 1833 parasset,
191 1794 254 1832 quem
268 1782 328 1820 huius
342 1782 393 1820 libri
408 1796 427 1821 v.
439 1784 496 1833 107„
509 1783 546 1821 ubi
560 1782 613 1820 mihi
626 1782 712 1833 quidem
725 1793 791 1821 terra-

71 1849 116 1874 rum
125 1834 212 1873 motibus
223 1833 392 1886 coniungentium
402 1833 496 1883 videtur,
509 1847 553 1873 non
565 1846 665 1881 terrarum
676 1837 751 1873 amnia.

122 1899 167 1938 323.
195 1899 357 1952 quaequomque]
377 1899 438 1938 Wak.
456 1899 509 1940 coni.
527 1915 687 1953 quaequomque,
707 1905 748 1948 „ut
763 1897 790 1936 ed

70 1966 103 1989 res
110 1949 215 2000 posterius
222 1950 337 2000 referatur,
348 1951 443 1989 uersibus
452 1952 482 1989 sic
491 1951 640 2000 interpunctis:
654 1954 715 1999 Nam,
728 1966 790 2004 quae·

71 2017 170 2054 quomque
179 2017 199 2041 α.
211 2018 236 2041 er
246 2018 268 2040 se
277 2018 294 2040 r.
306 2014 380 2055 auget,
395 2005 482 2055 alitque,
496 2008 525 2042 D.
538 2006 565 2053 (1.,
579 2019 629 2043 reor.
640 2018 699 2056 quom
708 2005 788 2056 recipit,

70 2068 117 2099 ηε,-
124 2056 137 2074 “
150 2053 206 2103 quod
217 2054 308 2103 probare
317 2067 361 2091 non
370 2067 462 2104 possum.

122 2103 168 2144 324.
195 2106 302 2155 Demr'nui]
317 2106 384 2157 Lugu.
397 2104 714 2148 12.1’11111.Β1111.2,1]1’111111111.
729 2105 793 2152 (vnt-

70 2167 134 2207 supra
140 2152 171 2193 ‘ad
180 2169 198 2195 v.
208 2158 268 2205 268.)

123 2209 167 2247 326.
196 2208 316 2259 Terrarum]
331 2207 361 2246 sic
377 2207 438 2248 Welr.
453 2220 501 2246 cum
517 2208 614 2246 omnibus
627 2208 699 2256 libris,
714 2208 789 2260 quibus

71 2258 127 2296 haud
143 2258 204 2297 dubie
217 2259 278 2298 Vind.
294 2273 378 2311 quoqne
394 2260 561 2297 annumerandus
578 2267 620 2310 est,
634 2261 685 2299 licet
699 2260 788 2299 collator

70 2310 179 2361 vulgarem
190 2312 304 2350 lectionem
316 2316 389 2351 Terrai'
398 2312 419 2349 in
431 2324 456 2350 eo
468 2312 569 2349 invenisse
581 2313 683 2350 videatur.

123 2375 168 2414 327.
197 2377 263 2425 Quur]
277 2377 325 2414 Brit.
336 2378 355 2415 2.
372 2378 423 2422 Οιινῑ
436 2376 499 2426 vulgo
516 2381 561 2424 Cur.
584 2377 641 2426 (vid.
657 2376 757 2426 supraad
766 2390 786 2414 v.

69 2428 130 2475 221.)
144 2446 170 2454 -·
183 2428 259 2479 supra]
276 2428 306 2465 sic
315 2427 375 2467 Viud,
384 2430 445 2466 Poor.
457 2428 508 2466 Brit.
519 2431 538 2467 1.
548 2431 566 2468 2.
576 2431 595 2470 3.
606 2430 665 2468 Cant.
677 2428 729 2467 Brix,
739 2430 786 2466 Ver.

70 2479 134 2528 Ven,
149 2490 201 2530 quos
211 2478 305 2529 sequitur
314 2480 385 2526 Wak.;
403 2479 466 2530 vulgo
476 2495 555 2533 supero.
579 2481 647 2530 (Vide
656 2492 721 2530 supra
731 2479 786 2518 edu.

70 2531 115 2576 86.)
129 2550 155 2560 ···
171 2530 297 2580 Tartenum]
310 2532 359 2571 Brit.
368 2533 387 2572 2.
401 2533 516 2571 Troianum.
