1690 2654
251 97 292 137 AD
308 96 447 138 LIBRUM
465 94 642 149 QUARTUM.
762 93 809 138 389

140 206 197 246 1176.
225 208 335 247 immitium
348 207 410 247 Wak.
427 207 535 259 recepite
554 207 620 254 Bon,
641 217 695 257 quae
713 204 810 257 sequitur

87 258 152 296 modo
164 258 208 296 Ald.
221 261 250 307 1..
265 267 327 312 atque
338 263 390 299 lunt.
402 267 423 298 et
432 260 478 298 Ald.
490 262 509 299 2.
521 260 586 297 hahet
600 258 745 306 assentientes3
759 256 808 295 reli-

88 311 124 361 qui
136 311 184 348 libri
197 315 290 358 missuum
305 313 360 365 vulg.
375 313 432 352 editt.
448 315 570 360 admittunt,
585 323 596 348 e
609 311 740 358 coniectura,
755 321 809 362 quae

88 362 162 401 cedere
175 364 238 401 dehet
247 365 381 414 antiquorum
390 366 494 402 librorum
506 363 599 401 lectioni.

140 417 197 454 1178.
226 419 301 462 cudat]
316 417 345 454 sic
354 418 392 454 soli
403 416 462 454 Vind.
472 423 493 453 et
500 416 548 453 Brit.
556 416 588 461 3.;
602 413 677 453 lirim.
688 416 759 460 cedam
774 425 808 452 ce-

86 466 128 504 leri
138 467 187 504 libri
197 479 269 505 omnes
281 472 347 515 cadet,
362 481 479 519 perperam.
506 471 580 504 Sensus
591 466 653 514 enim,
664 466 728 504 ‹Waln
740 466 807 504 inter-

87 525 159 570 prete,
172 519 208 556 hic
220 525 260 557 est:
274 522 318 567 „Et
326 519 374 557 illae
385 521 410 558 de
422 518 548 558 crudelitate
559 520 602 556 eius
612 518 716 568 querelae,
730 531 754 555 ex
763 519 807 556 imo

86 577 173 622 pectore
190 570 279 621 petitae,
294 585 319 610 ac
330 572 403 609 multis
415 572 585 610 meditationibus
596 576 727 618 maturatae,
741 570 808 608 conti-

88 630 180 669 cescent,
195 630 258 674 atque
267 624 288 661 in
299 631 407 662 aeternum
418 624 555 672 abiicientur,
569 623 648 673 pariter
660 636 707 660 cum
717 624 807 660 amicaf‘

140 677 197 715 1179.
224 677 327 726 Stultitia]
341 677 371 714 sic
381 677 441 715 Wak.
453 677 518 714 edidit
528 690 539 714 e
548 675 607 713 Bodl.
619 675 678 714 Vind.
689 677 749 715 Poor.
759 675 807 714 Brit.

88 728 107 767 1.
118 728 137 766 2.
148 729 167 766 ὃ.
184 729 243 766 Cant.
253 728 308 768 Brix.
319 730 367 767 Ver.
377 731 441 777 Ven.;
455 728 537 780 reliqua
551 727 677 777 exemplaria
694 729 807 774 stultitiae,

86 785 111 816 ut
126 779 196 831 vulgo.
212 802 239 808 -
252 782 294 829 idi]
308 780 365 822 Bodl.
380 781 430 819 Brit.
441 782 461 820 3.
474 777 525 822 rer.
538 783 588 818 Ven.
600 782 651 825 situ
666 792 731 830 quare
747 779 808 818 Wala.

87 831 142 870 coni.
155 834 250 871 Stultitia
262 844 282 872 et
292 835 332 873 sihi
339 843 362 872 ‘se
374 835 408 884 rt,
421 839 445 871 ut
460 832 549 871 fortasse
566 844 577 869 e
594 833 689 871 Stultitia
703 838 714 871 e
727 831 808 870 venerit

86 883 139 922 illud
150 886 263 923 stultitiae.
371 913 374 920 .
436 914 438 917 ·

139 936 197 976 1180.
224 936 291 985 „Brit¹
306 938 326 977 2.
342 935 415 974 inserit
432 939 487 989 quod
502 942 551 987 post
567 951 640 988 quum,
660 934 719 987 quasi
733 935 808 973 vellet:

86 1002 147 1041 quam
159 990 211 1039 quod
221 991 305 1027 mortali
312 991 382 1028 cedere
389 1004 431 1041 par
442 994 478 1027 est.
485 989 498 1010 “
513 992 545 1028 W
548 1004 561 1028 a
567 992 586 1026 t.
789 1006 793 1010 ·

140 1041 197 1079 1182.
223 1044 339 1090 postteem'u
348 1040 461 1077 Lambinus
470 1041 582 1078 restituite
596 1039 660 1078 Godd.
671 1040 773 1091 vestigiis,
789 1046 809 1077 et

86 1090 117 1129 sic
127 1091 196 1138 vinu,
209 1092 226 1128 si
237 1092 334 1129 collatori
344 1092 395 1129 fides
407 1092 470 1129 tribui
481 1092 557 1141 possit3
571 1093 668 1130 Lambini
678 1093 735 1129 enim
746 1091 808 1129 Godd.

86 1142 153 1194 Lugd.
165 1145 184 1183 1.
194 1144 213 1183 2.
226 1143 274 1181 Brit.
284 1146 420 1197 portemia,
434 1157 446 1181 a
458 1144 533 1194 quibus
543 1146 603 1181 Poor.
617 1150 638 1182 et
651 1147 713 1183 Cant.
719 1156 767 1196 post
778 1160 809 1183 ce-

86 1198 123 1235 rtia
138 1207 181 1232 non
199 1195 281 1243 differt,
294 1196 344 1235 Brit.
355 1197 375 1235 3.
392 1197 446 1235 qut.
461 1201 482 1233 et
498 1196 571 1236 Aldu.
582 1199 701 1248 {trescenia5
719 1196 776 1234 Bodl.
789 1202 809 1233 et

86 1246 181 1297 reliquae
198 1246 256 1286 editt.
271 1254 326 1285 vett..
329 1259 378 1300 post
389 1250 457 1294 tertia,
471 1247 528 1298 quod
536 1249 557 1286 in
568 1248 620 1286 Brit.
631 1250 650 1288 2.
665 1248 696 1285 sic
707 1247 808 1299 disiungi-

86 1305 132 1336 tur:
147 1311 167 1337 et
181 1310 228 1351 post
242 1302 298 1339 uitae
310 1302 367 1339 teriia
380 1302 454 1339 celant.
476 1299 535 1348 (Vid.
552 1300 616 1338 etiam
634 1300 726 1339 Turneh.
742 1299 806 1338 Advv.

86 1353 173 1399 XXVII,
187 1352 233 1398 35.)

138 1403 196 1443 1185,
222 1405 324 1455 inquirere
333 1402 399 1453 risus]
413 1402 442 1440 ita
453 1404 503 1440 Hav.
515 1408 536 1439 et
545 1400 607 1442 Wala.
617 1414 666 1440 cum
677 1401 773 1452 plurimis
782 1401 807 1439 li-

85 1452 140 1502 bris;
155 1454 216 1491 Bodl.
229 1455 279 1492 Brit.
292 1457 310 1494 1.
320 1456 339 1494 3.
351 1455 404 1492 Brix.
420 1456 468 1491 Ver.
484 1455 535 1491 Ven.
548 1453 594 1493 Ald.
605 1456 624 1494 1.
639 1457 689 1493 Bou.
706 1457 808 1507 inquirere

86 1521 146 1550 usus,
159 1508 213 1545 lunt.
225 1506 271 1546 Ald.
282 1508 301 1545 2.
316 1509 418 1557 inquirere
428 1509 451 1545 iu
461 1521 515 1547 utus.
541 1505 610 1557 Vulgo
623 1509 731 1560 anquirere
741 1510 805 1554 uiaret,

86 1569 97 1594 e
107 1558 202 1595 Lambini
214 1558 342 1596 coniectura.

96 1633 101 1639 ι
139 1611 196 1649 1187.
222 1612 389 1649 Praetermittere
409 1607 474 1647 lectio
496 1614 527 1647 est
543 1608 685 1661 plurimorum
699 1609 806 1660 exempla-

85 1660 149 1709 rium,
164 1674 227 1711 quam
238 1663 288 1699 Hav.
300 1668 321 1698 et
331 1661 393 1701 Wala.
404 1667 542 1711 receperunt,
557 1661 594 1698 sed
605 1661 687 1699 diverso
700 1661 765 1698 modo
775 1662 807 1698 in-

86 1712 210 1763 telligentes.
223 1713 264 1750 Ille
271 1712 334 1760 enim,
343 1711 402 1750 hiatu
409 1713 504 1762 admisso,
513 1717 678 1765 praetermittere
688 1713 752 1750 habet
760 1712 807 1751 infi-

86 1764 186 1811 nitivum,
200 1764 230 1803 sic
239 1764 356 1815 explicans:
369 1767 441 1816 ‚jquae
451 1777 494 1802 non
504 1764 577 1803 odiosa
587 1771 618 1803 est
629 1760 806 1816 praetermittere,

85 1815 100 1853 i.
112 1828 129 1852 e.
140 1816 204 1855 facile
214 1817 398 1866 praetermittat;‘⁴
410 1816 446 1855 hic
456 1828 506 1855 vero
515 1820 679 1871 praetermittere
690 1823 751 1867 putat
763 1829 806 1854 esse

85 1867 194 1918 futurum,
210 1880 249 1919 pro
265 1867 390 1917 imperativo
405 1868 509 1919 positum,
521 1876 545 1907 ut
554 1882 624 1907 sensus
632 1869 669 1907 sit:
683 1874 724 1918 „te
735 1869 806 1906 mittes

86 1925 170 1967 praeter
178 1919 336 1957 concessionem
344 1919 440 1957 humanis
450 1920 523 1957 rebus:
538 1927 566 1967 ut¹
577 1921 612 1970 qui
623 1920 694 1958 locum
704 1919 806 1969 praeterit

86 1968 119 2005 vel
129 1971 301 2021 praetervehitur‚
316 1971 381 2023 quasi,
395 1984 458 2022 quem
469 1971 530 2010 adeat
540 1978 561 2010 et
569 1971 671 2022 inspiciat,
683 1971 804 2024 indignun13

85 2019 130 2058 vel:
149 2023 244 2072 omittas,
258 2022 298 2061 illis
315 2024 379 2061 etiam
396 2024 459 2062 rebus
473 2024 590 2062 concedere
608 2030 629 2062 et
647 2023 730 2062 veniam
748 2024 805 2072 dare,

86 2084 137 2128 quas
147 2073 239 2113 humana
248 2081 323 2114 natura
333 2088 407 2113 cavere
419 2077 536 2126 nequeat.“
561 2076 612 2114 Mihi
627 2076 679 2114 haec
692 2076 758 2113 altera
772 2088 805 2113 ra·

86 2129 117 2160 no
129 2127 268 2173 praeferenda
280 2128 369 2165 videtur.
390 2128 464 2179 Vulgo
479 2132 632 2167 Praetermittet
644 2140 675 2174 te,
691 2140 740 2165 cum
752 2130 804 2166 Iunt.

87 2179 108 2211 et
123 2175 167 2214 Ald.
183 2180 212 2223 23
229 2179 281 2216 Brix.
298 2183 477 2228 praetermittent,
494 2179 538 2217 Ald.
554 2181 572 2219 1.
593 2179 628 2229 (in
642 2191 684 2230 qua
700 2178 806 2227 laudanda

86 2225 150 2264 falsus
162 2238 192 2265 est
204 2232 303 2281 Gerard.)
319 2238 339 2270 et
348 2234 398 2272 Bon.
410 2234 587 2279 Praetermittite,
601 2232 662 2270 Porr.
673 2234 805 2272 Praetermit-

87 2288 149 2325 teret‚
164 2281 212 2318 Brit.
224 2284 244 2320 2.
255 2287 407 2322 Praetermitto.

139 2331 196 2370 1188.
217 2334 376 2383 ficto-amore]
390 2332 507 2379 lironklius.v
519 2334 546 2372 ed
557 2332 635 2373 Tibull,
647 2333 663 2383 l,
673 2334 692 2381 7,
704 2333 736 2372 41.
748 2331 803 2371 coni.

81 2380 145 2430 fietus
154 2396 237 2431 amarer,
251 2385 320 2424 minus
329 2386 390 2427 bene.
411 2387 477 2423 Recte
487 2386 544 2424 enim
553 2385 613 2424 Wak.
626 2386 731 2423 observat:
746 2411 759 2431 ‚,
766 2387 802 2422 Su·

87 2434 171 2482 spirare¹
182 2449 260 2473 umores
277 2444 317 2475 est:
332 2451 381 2475 cum
399 2437 501 2475 desiderio
515 2450 604 2488 cupere;
620 2439 723 2490 suspirare
736 2450 803 2474 eruore

86 2481 152 2521 valet:
165 2497 217 2535 prae
227 2485 328 2527 violentia
340 2490 416 2528 amoris
428 2491 504 2528 ducere
516 2490 629 2541 suspiria.“
