1690 2654
89 97 138 145 550
308 99 587 144 ANNOTATIONES

142 207 200 249 1154.
226 210 324 249 Rancida
336 209 386 263 quo]
400 209 453 250 Brix.
465 212 513 251 Ver.
523 186 733 265 VensRaneidcqae,
745 211 807 251 Poor.

89 264 258 314 Rancfflaquae,
276 262 325 299 Brit.
337 267 355 301 1.
371 265 466 302 Baucida
480 279 533 317 quae
547 276 572 303 et.
586 285 612 292 —
623 266 730 317 perolent]
749 265 807 301 Cant.

86 314 201 367 pervolent.
216 335 240 341 -
254 316 308 365 rito]
322 314 375 355 Brix.
387 317 447 355 siaa
461 338 487 353 .-
501 317 598 354 Ceterum
610 315 695 355 Creech.
707 328 738 355 vv.
750 315 808 357 1153.

90 371 111 402 et
118 362 174 405 1154.
181 364 336 417 subiungendos
347 373 418 405 censet
424 365 565 416 versui1149.‚
573 368 623 419 quia
628 368 664 417 sic,
672 366 746 406 ordine
752 366 808 418 apud

89 416 236 469 Thucydidem
253 418 328 457 melius
338 425 430 469 servato,
448 420 542 459 narratio
555 420 598 458 eius
610 420 699 470 pressius
711 418 808 457 declara·
834 456 837 468 ,

88 475 159 515 retur,
176 476 198 507 et
208 469 278 508 omnia
293 470 360 521 aptius
377 472 519 510 convenirent.
547 472 588 510 Sed
602 484 667 524 quum
682 471 756 509 foedus
771 470 808 509 ille

90 521 145 560 odor
160 533 185 560 eo
201 521 336 573 potissimum
352 522 455 572 oriretur,
474 525 531 576 quod
543 524 631 563 morbus
645 524 709 562 etiam
723 523 808 567 intimas

90 575 184 625 corporis
195 580 265 625 partes
275 575 385 625 invaserat,
393 576 420 614 ad
430 581 485 616 vitat
494 579 584 617 claustra
594 584 671 624 autern,
681 576 736 628 quod
747 586 808 626 prae-

90 626 158 675 cedit,
171 627 267 677 inprimis
279 628 340 665 etiam
357 631 442 680 spiritus
454 629 568 678 pertineat,
582 629 604 666 bi
614 641 684 666 versus
700 628 808 679 aptissimo

88 678 139 717 loco
151 685 200 716 sunt
211 678 280 730 positi.
306 682 323 717 A
338 678 466 731 Thucydidis
481 687 552 719 a'uteni
564 679 637 725 ordine
647 681 755 718 Lucretius
768 679 808 718 ali-

90 731 173 784 quoties
184 730 277 780 recessit.
802 768 805 770 A

143 783 201 823 1155.
228 786 291 823 totius
305 783 339 832 et]
359 783 422 822 Poor.
433 783 517 823 uriel.
534 795 555 823 et
566 787 640 833 totius,
658 796 671 821 a
682 782 749 833 Lugd.
760 783 813 825 1-2..

89 834 152 876 Vind.
169 835 246 888 fragm.
258 834 324 872 Vind-
331 836 389 873 Cant.
405 846 425 875 et
436 848 520 887 prorsus
532 836 602 884 abest3
623 848 687 888 quare
700 835 760 885 Walr.
775 847 809 873 su·

90 888 196 939 spicatur,
216 887 339 926 Lucretium
355 887 412 925 forte
423 888 528 939 scripsisse
543 893 609 941 thue
620 905 639 927 a.
654 904 686 940 pr.
699 899 741 927 tam
755 889 809 927 uires

91 945 162 987 tatius,
177 955 239 987 omne,
253 938 345 977 librariis
355 952 405 978 vero
419 942 558 990 quantitatem
570 940 673 979 secundae
685 939 776 990 syllabae
786 938 809 975 in

90 1004 143 1031 voce
154 995 218 1031 totius
226 991 349 1041 scrupulum
359 992 467 1040 iniecisse3
481 994 537 1041 quod
546 1005 608 1030 nemo
618 992 681 1030 facile
691 990 795 1042 probabit.

144 1045 201 1084 1157.
227 1045 300 1091 malis]
319 1043 469 1085 Vind.Brit.3.
484 1045 535 1084 ssrir.
547 1047 595 1084 Ver.
607 1047 657 1084 Veri.
677 1046 736 1083 malis
748 1046 807 1082 alias.

90 1094 153 1134 Wak.
164 1095 236 1133 statim
249 1101 332 1146 praesto
349 1103 380 1134 est
393 1110 442 1135 cum
456 1097 578 1136 coniectura
594 1097 733 1137 Intolerabilis
747 1107 809 1148 atque

92 1149 142 1188 aliis
153 1158 198 1186 erat
208 1151 282 1187 anxias
294 1163 366 1200 angor.

145 1201 201 1239 1159.
228 1199 346 1252 persaepe]
361 1199 391 1237 sic
401 1199 461 1240 Wak.
470 1200 533 1238 verba
546 1199 621 1247 divisit,
636 1211 706 1251 quem,
717 1196 809 1237 Lucretii

92 1250 265 1290 consuetudinem
281 1251 406 1301 respiciens,
431 1253 498 1300 (conf.
514 1253 540 1290 ad
556 1254 589 1300 IV,
609 1255 666 1292 1021.
685 1257 706 1288 et
719 1250 775 1288 infra
788 1263 808 1289 v.

91 1305 163 1354 1263.)
179 1315 228 1341 curn
242 1302 318 1343 Eichst.
332 1310 354 1341 et
364 1303 441 1342 Orellio
456 1311 555 1357 sequutus
570 1316 623 1346 sum.
650 1303 745 1344 Nobbius
760 1314 809 1342 cum

90 1355 150 1409 vulg.
164 1355 223 1394 editt.
236 1370 341 1409 persaepe.

143 1410 209 1450 1160..
228 1408 338 1461 coactans]
360 1406 410 1451 Brit.
424 1411 443 1450 1.
456 1423 570 1452 coarctans.
596 1407 655 1461 (Vid.
669 1407 725 1451 adv.
738 1407 808 1457 1111.)

90 1499 124 1554 B³
144 1459 202 1503 1164.
226 1462 309 1516 patius]
328 1462 378 1501 Brit.
390 1463 409 1504 3.
427 1464 486 1503 Gant.
502 1465 549 1504 Ver.
564 1466 616 1506 Ven.
632 1466 709 1514 tatius,
728 1464 777 1502 Brit.
789 1464 808 1501 1.

107 1526 144 1553 rix.
158 1526 214 1555 totis.

144 1568 201 1607 1165.
227 1565 314 1616 inustis]
329 1565 390 1604 Vind.
401 1568 458 1608 Cant,
469 1569 549 1615 muscis,
562 1565 611 1608 Brit.
621 1568 640 1607 3.
651 1568 723 1612 mistis.
736 1588 761 1595 -·
774 1580 808 1605 ru-

92 1619 149 1669 bere]
164 1619 216 1657 Brix.
227 1620 276 1657 Ver.
286 1620 337 1659 Ven.
348 1621 426 1658 rubore.
841 1657 844 1661 ,

145 1672 202 1711 1166.
231 1670 265 1722 ut]
281 1671 338 1708 Poor.
350 1671 407 1710 Cant.
421 1673 461 1722 uti,
476 1683 519 1708 non
527 1670 596 1709 minus
607 1671 672 1720 bene3
687 1668 748 1708 Vind.
758 1668 807 1708 Brit.

92 1724 111 1764 1.
124 1724 143 1764 3.
154 1726 187 1771 in,
202 1722 254 1762 Brit,
267 1723 313 1760 Ver,
324 1724 375 1762 Ven.
387 1727 415 1765 ni,

146 1775 203 1814 1167.
229 1776 318 1820 Intima]
338 1775 401 1813 Bentl.
412 1774 467 1813 coni.
480 1778 574 1822 Interea,
592 1772 636 1811 sine
652 1786 721 1813 causa.
734 1796 760 1802 —
773 1776 809 1813 ho·

92 1827 181 1877 minum]
196 1825 226 1864 sic
237 1826 303 1877 Lugd.
314 1828 331 1867 1.
341 1828 373 1874 ΞΩ,
393 1839 477 1874 omnes,
497 1832 521 1863 ut
533 1823 627 1874 videtur,
640 1826 701 1866 Wak.
714 1825 776 1865 Codd.
788 1832 809 1864 et

91 1882 153 1927 lunt,
168 1878 301 1929 quibuscum
311 1878 372 1917 Wak.
382 1879 458 1918 Eichst.
471 1878 671 1929 Orell.{obseqrrritus
681 1891 734 1928 surn,
744 1891 810 1930 quum

91 1931 202 1971 Lucretius
217 1930 281 1967 etiam
296 1929 454 1971 v.1144.1151.
473 1931 718 1971 1161.1172.1177.etc.
733 1931 755 1967 in
770 1943 809 1968 nu-

92 1995 153 2021 mero
170 1982 309 2020 multitudinis
323 1982 429 2032 loquatur.
456 1982 549 2021 Nobbius
566 1995 614 2020 cum
626 1982 681 2033 vulg.
698 1982 757 2029 editt.
770 1985 810 2021 lia-

92 2038 149 2076 mini.
163 2055 188 2062 -
197 2035 319 2086 flagrabat]
338 2034 368 2072 sic
384 2035 425 2073 hoo
440 2041 461 2072 et
473 2039 574 2084 sequente
589 2045 651 2071 versu
667 2046 738 2071 omnes
753 2034 808 2082 libri,

94 2099 146 2138 quos
162 2087 234 2123 Lamb.
246 2088 295 2124 Hav.
305 2086 366 2126 Wak.
377 2093 417 2125 etc.
432 2087 514 2137 sequuti
530 2092 582 2123 sunt.
610 2085 694 2124 Greech.
707 2092 778 2123 tamen
789 2092 809 2124 et

92 2139 146 2177 aliae
156 2137 213 2188 vulg.
225 2138 283 2175 editt.
293 2138 324 2176 bis
331 2140 440 2190 flagravit.
453 2159 480 2166 —
493 2140 520 2176 ad
530 2141 590 2184 assa]
611 2137 656 2175 Ald.
670 2142 687 2176 1.
697 2140 745 2174 Bon.
757 2140 809 2177 ade-

93 2206 130 2237 sa,
150 2191 206 2240 quod
214 2190 528 2241 praeterGifan.nnperetiam
540 2189 624 2227 Meister
635 2189 741 2240 praetulit.
769 2188 809 2227 Sed

94 2243 163 2281 obstat
173 2241 267 2278 omnium
283 2242 347 2281 Godd.
357 2242 478 2288 auctoritas.

145 2296 169 2332 V.
179 2295 236 2333 1168.
263 2294 335 2332 Lamb.
353 2300 374 2332 et
383 2296 460 2340 Faber,
479 2292 536 2332 omni
546 2305 608 2331 causa
622 2292 698 2331 idonea
708 2291 807 2342 destituti,

92 2344 187 2398 spurium
197 2344 323 2387 iudicarunt.

57 2404 59 2407 ”
146 2398 203 2437 lieu.
227 2397 308 2449 posses]
328 2399 359 2436 ita
365 2398 426 2445 lisola.
438 2411 462 2436 ex
475 2397 571 2436 omnibus
584 2396 630 2434 fere
641 2396 699 2434 libris
710 2394 808 2445 restituit,

93 2449 134 2489 hac
143 2449 213 2488 addita
226 2449 374 2499 explicatione:
395 2456 487 2501 „Posses
492 2480 498 2500 ,
513 2446 539 2490 dv
551 2446 658 2496 ἐδύνασο),
672 2453 760 2486 tutemet
769 2449 809 2486 uti-

94 2515 146 2555 que,
166 2503 184 2542 si
198 2501 322 2542 adfuissesss
348 2506 397 2545 Ver.
413 2504 463 2543 Ven.
476 2505 555 2557 possis,
573 2504 628 2542 lunt.
638 2503 712 2556 positis
718 2514 726 2548 ,·
744 2499 807 2551 vulgo
