1690 2654
198 133 238 172 AD
255 131 394 173 LIBRUM
410 129 592 186 QUARTUM.
710 125 765 185 359Γ

38 245 79 277 tur.
93 253 118 268 -
131 240 225 290 viarum]
246 253 286 278 vox
303 252 386 291 prorsus
404 240 462 278 abest
480 253 492 279 a
507 238 569 279 Vind.
583 238 633 278 Brit.
643 239 662 279 1.
673 239 692 280 2.
704 237 758 279 Brir.

38 292 87 329 Ver.
99 292 162 340 Ven,
179 293 201 329 in
213 293 260 329 Brit.
271 294 290 332 3.
304 293 412 342 suppletur
422 308 458 345 per
468 295 541 340 aedes,
556 293 606 329 etin
616 292 665 329 Brit.
679 293 698 331 1.
708 303 758 329 ver-

37 354 71 380 sus
80 343 137 381 hunc
145 343 209 382 habet
220 345 308 381 exitum:
321 347 366 383 dam
377 346 428 382 haec
438 345 508 381 clausa
518 346 600 382 transit.
619 343 659 381 Sed
670 343 727 384 conf.
739 343 757 390 I,

38 394 83 435 355.
98 396 156 454 alapa
173 398 288 446 damarum,
304 402 324 433 et
340 395 382 433 vid.
399 407 452 447 quae
466 395 493 432 ad
506 395 524 445 I,
535 396 567 434 87.
580 393 637 435 1040.
648 397 705 436 1068.
716 400 756 433 etc.

38 453 190 484 annotanmus.

90 511 135 555 617.
161 514 218 558 Hae,
233 513 268 562 qui
282 506 398 560 (ἀρχαϊκαῖς
407 522 445 560 pro
457 511 509 563 quo)
523 513 631 556 sentimus,
644 509 659 549 i.
670 522 688 550 e.
699 511 757 548 Haec

38 574 82 610 res,
97 561 262 612 (persentimus,
277 568 300 598 ut
317 562 377 601 Walr.
394 561 557 611 interpretatur,
572 563 608 613 qui
623 559 758 599 hano'libra-

38 626 88 651 rum
103 612 215 651 lectionem
228 612 325 652 restituit.
359 613 426 664 Vulgo
440 617 498 652 Haeo
513 618 582 664 queis,
601 619 625 651 ut
639 612 684 653 Ald.
702 615 719 652 1.
737 619 758 651 et

38 667 101 712 Bon.;
114 668 157 705 Nee
173 668 217 718 quis
232 665 287 704 Iunt.
305 670 325 703 et
341 664 386 704 Ald.
398 668 429 713 2,
444 665 501 716 quod
509 666 575 704 Bentl.
587 665 669 716 probat.
682 680 758 703 -su-

39 716 141 790 cum]lita
155 718 203 757 Brit.
215 718 233 757 1.
250 715 303 755 Brix.
322 718 368 757 Ver.
388 718 450 766 Ven.;
464 717 528 770 vulgo
542 733 629 757 saccum.
644 718 652 766 (
660 715 719 756 tout.
731 715 758 754 ad

57 800 63 819 '
91 821 135 860 618.
161 821 208 871 plus
224 820 346 872 operaeque]
361 819 391 858 sic
409 819 464 858 edidi
476 833 524 859 cum
536 820 594 858 Badl.
603 822 665 860 Poor.
677 819 727 858 Brit.
736 820 756 859 3.

39 878 60 909 et
70 873 123 909 Brix.
134 873 181 911 Ver.
191 872 241 910 Ven.
254 871 299 909 Ald.
311 872 329 909 1.
341 878 362 908 et
372 875 433 918 Bon.;
449 874 505 912 Cant.
516 888 590 925 operae
600 874 666 925 quad,
680 870 728 909 Brit.
738 872 757 909 1.

36 927 83 976 plus
100 938 216 976 operarum,
231 923 297 961 ceteri
311 922 360 961 libri
377 936 449 962 omnes
462 927 512 977 plus
528 939 611 977 operae,
625 922 681 961 unde
695 921 757 960 Wak.

37 974 91 1013 fecit
101 977 153 1028 plus*
164 977 244 1027 operat,
262 986 324 1024 quem
335 974 411 1014 Eichst.
423 976 523 1026 sequitur.
551 975 591 1013 Sed
602 986 668 1025 quum
679 973 758 1023 proha-

38 1025 100 1065 bilius
113 1026 151 1074 sit,
166 1025 264 1075 copulam
275 1026 342 1077 quein
352 1026 394 1064 fine
404 1039 474 1064 versus
485 1027 584 1065 omissam
594 1038 648 1072 esse,
662 1024 758 1075 inprimis

38 1077 102 1116 alteri
112 1077 195 1114 demum
206 1077 253 1113 voci
266 1077 380 1125 sententiae
393 1078 497 1115 adiectam
512 1079 583 1129 (quod
593 1083 666 1115 tamen
676 1078 719 1115 iam
730 1075 758 1114 ad

10 1173 13 1176 ⁴
37 1132 72 1178 ΙΙΙ,
80 1129 125 1169 585.
136 1134 158 1166 et
168 1128 218 1166 alibi
228 1127 338 1177 vidimus),
352 1142 415 1180 quam
424 1129 533 1180 vulgarem
542 1128 627 1180 genitivi
635 1129 728 1166 formam
736 1129 758 1166 ai

38 1180 60 1219 in
72 1179 169 1219 omnibus
178 1179 237 1226 libris
246 1185 350 1217 mutatam
361 1193 411 1228 esse,
423 1180 476 1218 illud
486 1196 597 1234 operaeque
606 1179 758 1229 restituendum

40 1232 94 1271 duxi.
122 1231 191 1284 Vulgo
199 1233 285 1284 plusque
295 1236 367 1283 operat
375 1239 449 1270 contra
457 1232 562 1271 librorum
572 1233 728 1271 auctoritatem.

91 1297 137 1336 621.
162 1312 186 1335 aa
198 1298 275 1335 siccare
290 1298 356 1348 eoepit
372 1296 529 1347 transcripsit
545 1308 569 1334 ex
585 1296 681 1334 omnibns
697 1294 757 1333 libris

38 1355 124 1398 praeter
136 1347 182 1387 Ald.
194 1349 211 1386 1.
227 1349 288 1395 Bon,
302 1346 324 1383 in
340 1348 414 1397 quihus
431 1351 571 1400 exsiccareque
585 1350 622 1392 (ut
631 1347 721 1397 vulgo),
737 1351 758 1383 et

39 1402 95 1439 runt.
107 1398 152 1439 Ald.
164 1401 196 1446 2,
210 1398 231 1435 in
243 1398 317 1448 quibus
332 1414 356 1436 aa
369 1402 445 1437 siccare
457 1403 533 1450 recepit
542 1398 629 1451 iegitur3
643 1398 757 1435 editoribus

39 1448 140 1489 nimirum
154 1450 176 1487 in
194 1449 281 1486 diaeresi
295 1449 366 1499 paullo
380 1449 505 1488 inusitatiori
518 1449 682 1499 offendentibus,
703 1460 757 1501 quae

40 1509 111 1539 tamen
121 1514 133 1538 a
142 1502 233 1538 Lucretii
246 1501 395 1538 consuetudine
403 1514 445 1538 non
456 1501 561 1539 abhorret.
583 1502 657 1551 (Gonf.
669 1513 686 1541 e.
697 1514 718 1551 g.
730 1499 758 1538 ad

40 1556 57 1604 Ι,
66 1555 98 1594 55.
110 1550 155 1592 224.
168 1555 202 1601 IV,
212 1554 269 1592 1153.
283 1554 307 1599 V,
319 1550 351 1592 54.
363 1554 407 1592 910.
422 1550 589 1599 ν[,954.ε1ε,)Υ
745 1562 747 1565 ·

37 1635 40 1638 ψ
93 1603 138 1645 624.
164 1608 209 1643 Hae
219 1604 233 1641 i.
243 1616 260 1642 e.
273 1603 315 1642 hoc
325 1604 400 1649 modo,
414 1610 511 1655 utsupra
523 1618 542 1642 v-
555 1604 600 1645 361.
610 1603 655 1644 555.
669 1609 690 1641 et
700 1601 756 1642 alibi.

40 1656 75 1695 tie
85 1662 157 1694 nutem
166 1656 226 1694 vrak.
237 1655 330 1704 reposuit
340 1668 351 1693 e
361 1655 483 1694 melioribus
493 1656 564 1703 lihris3
578 1656 632 1693 Brix.
640 1659 694 1702 Hae,
707 1654 758 1695 Ver.

40 1711 95 1757 Hec,
108 1708 170 1746 Vind.
182 1710 243 1746 Poor.
259 1708 307 1746 Brit·
318 1710 337 1748 2.
348 1709 367 1747 3.
381 1709 433 1746 Ven.
446 1707 491 1745 Ald.
504 1709 522 1746 1.
534 1709 553 1747 2.
565 1710 616 1747 Bon.
627 1708 681 1744 Iunt.
692 1710 757 1755 Haeo,

42 1761 99 1811 quod
113 1760 135 1796 in
153 1759 209 1809 vulg.
225 1758 283 1796 editt.
291 1766 407 1809 receptum.
420 1782 445 1790 -·
459 1761 576 1808 manantis]
589 1758 672 1797 Retinui
682 1758 758 1811 vulga-

40 1823 87 1848 rem
95 1810 222 1853 lectionem,
237 1810 287 1848 lieet
296 1818 379 1848 tantum
389 1823 401 1847 a
411 1810 471 1848 Vind.
481 1813 541 1849 Poor.
552 1811 599 1848 Brit.
612 1813 629 1850 1.
641 1812 660 1850 3.
672 1813 725 1849 lunt.
737 1814 759 1848 et

41 1862 86 1900 tld.
98 1864 118 1901 2.
129 1861 288 1911 suppeditatum.
317 1863 384 1899 Ceteri
396 1861 445 1899 libri
455 1875 561 1902 manantes
566 1892 572 1912 ‚
587 1862 644 1914 quod
655 1862 716 1899 Wak.
725 1874 758 1899 re—

42 1913 99 1962 cepit
109 1913 228 1963 quidem-ut
239 1913 369 1963 exquisitius,
383 1914 471 1951 sednon
483 1913 604 1964 explicavit,
617 1913 694 1952 Eichst.
707 1925 757 1951 vero

41 1964 138 2011 retinuit,
151 1977 211 2003 more
222 1978 259 2003 suo
270 1969 385 2004 azanaateis
396 1964 504 2016 scriptum.

95 2030 139 2069 626.
164 2032 247 2082 linguai
260 2032 358 2069 sudantia
371 2030 459 2083 templa]
477 2028 537 2068 Gonf.
552 2028 579 2067 ad
591 2030 607 2078 I,
617 2029 662 2069 121.
681 2027 758 2067 Ennius

43 2085 117 2119 contra
131 2082 186 2130 apud
201 2084 243 2120 Cic.
259 2084 283 2120 N.
298 2083 323 2120 D.
338 2083 363 2128 II,
380 2082 410 2120 18.
427 2081 462 2118 fin.
479 2082 512 2131 (p.
524 2082 570 2122 327.
583 2083 653 2131 Hess.)
665 2083 759 2133 palatum

43 2133 94 2171 caeli
108 2141 274 2182 commemoret,
293 2133 320 2171 ad
333 2146 396 2183 quem
409 2133 480 2169 locum
494 2132 596 2169 Columna
608 2132 701 2170 Lucretii
715 2144 758 2169 nan

43 2182 119 2221 oblitus
135 2190 173 2221 est.
198 2185 260 2225 Wak.
274 2184 463 2234 comparetsidon.
474 2184 542 2234 Apoll.
552 2185 588 2230 IX,
600 2186 630 2232 7.,
644 2183 681 2221 uhi
691 2199 759 2223 came-

43 2250 88 2275 ram
95 2236 164 2286 palati
173 2235 270 2287 legimus,
283 2243 304 2275 et
314 2236 418 2274 Isidorum
428 2235 541 2286 Origg.XI,
549 2236 565 2273 1.
580 2234 610 2273 sic
620 2235 758 2273 scribentem:

42 2288 159 2336 „Palatam
166 2295 272 2337 nastrum,
286 2289 340 2326 sicut
352 2289 433 2334 eoelum,
446 2300 527 2323 sursum
539 2287 681 2336 estpositnm:
697 2292 718 2323 et
728 2287 758 2323 in-

43 2339 69 2375 de
81 2337 176 2388 palatum
186 2351 198 2375 a
209 2340 272 2388 polo,
286 2353 324 2390 per
335 2340 496 2377 derivationem:
510 2338 545 2375 sed
559 2345 580 2388 et
592 2338 668 2376 Graeci
683 2337 758 2376 simili·

43 2395 76 2428 ter
90 2388 184 2438 palatum
201 2387 293 2441 οὐρανόν
304 2391 421 2441 appellant,
435 2402 459 2429 eo
472 2390 529 2442 quod
540 2402 579 2440 pro
590 2390 621 2427 sui
633 2393 759 2429 concavitate

44 2440 98 2481 coeli
107 2439 266 2480 similitudinem
275 2442 358 2481 hebeat.
365 2443 379 2466 “

95 2505 140 2545 629.
161 2507 222 2557 fiae]
241 2505 271 2544 sic
285 2508 336 2546 Har.
352 2513 373 2545 et
387 2505 447 2549 Wak.
463 2518 512 2545 cum
527 2505 622 2558 plurimis
636 2503 759 2551 libris3-nec
