1690 2654
61 76 111 129 152
249 78 293 121 DE
309 77 434 128 RERUM
449 77 592 142 NATURA

112 189 135 231 111
147 199 203 229 mare
216 186 241 229 de
253 189 311 231 coeio
323 192 418 241 tauquam
431 188 516 233 demisse
528 190 620 240 columna
661 217 663 219 ·

112 241 233 290 Paullatim
247 243 305 293 quasi
317 243 365 293 qnid
375 255 443 295 pugno
456 242 572 293 brachiique
584 254 668 295 superne

59 289 101 340 435
113 293 208 334 Gonieetu
221 296 317 344 trudatur,
330 297 353 336 et
362 295 477 335 extendatur
487 294 509 334 in
521 296 594 335 undas:
623 326 627 332 .

111 346 180 395 Quam
192 359 254 397 quum
267 347 352 395 discidit,
368 347 417 393 hine
429 347 565 400 prorumpitur
575 348 597 386 in
609 360 666 389 mare
678 347 731 390 venti

111 398 153 447 Vis,
166 401 187 438 et
198 401 299 440 fervorem
311 400 386 441 mirum
398 400 501 440 concinnat
513 400 535 439 in
546 401 610 440 undis.

100 450 253 492 uorsaunnms
266 453 319 492 enim
331 454 390 501 turbo
404 452 508 500 deseendit,
520 455 540 492 et
552 451 619 493 ollam'
644 475 646 477 ·

110 502 196 544 Deducit
208 505 282 555 puriter
294 506 347 545 leuto
359 519 405 545 cum
417 505 597 556 corpore.uubem;-
663 528 666 532 ·

58 553 100 598 440
113 556 180 605 Quam
192 556 253 596 simul
264 570 289 598 ac
300 558 408 610 gravidum*
418 557 504 597 detrudit
516 558 541 597 ud
553 569 641 608 aequora
653 557 714 609 ponti,

110 607 150 654 Ille
163 607 185 647 in
197 610 348 660 aquam.subito
359 613 424 650 totum
437 623 459 649 se
469 609 567 659 immittit
580 613 604 649 et·
612 622 670 650 omno
678 648 684 652 ,,

109 659 190 700 Excitat
200 661 356 713 ingenti-sonitu
367 674 430 709 mare,
439 661 520 700 'fervere
532 671 610 711 cogens.
636 681 638 683 >

137 712 172 750 Fit
184 724 269 763 quoque,
281 717 304 752 ut
316 713 405 752 involvat
414 713 467 750 uenti
480 725 501 752 se
513 712 599 752 nubibus
611 711 654 763 ipso

95 784 98 787 -
110 762 190 811 Vortex,
206 765 310 803 corradens
322 777 347 803 ex
359 766 405 803 nete
416 765 492 804 semina
503 764 568 813 nubis,

44 808 98 857 ’445
110 812 139 854 Et
151 815 208 865 quasi
220 816 326 857 demissum
339 816 394 856 coelo
406 821 495 866 prestera
506 816 603 857 imitetur.

63 910 65 913 ,
109 866 151 906 Hic
163 867 199 906 ubi
210 881 232 908 se
244 869 265 908 in
277 872 339 908 terras
352 869 430 917 demisit
442 869 577 919 discolorque,
617 886 620 897 «
637 875 651 904 μ’
712 877 715 879 ’

111 918 207 959 Turbinis
219 920 328 961 immanem
339 921 382 960 vim
389 921 494 973 ,provomit
506 925 565 971 atque
577 919 678 971 procellat.

108 970 156 1018 Sed,
170 972 218 1022 quia
231 974 254 1013 fit
266 986 314 1013 raro
326 973 412 1022 omnino,
425 973 547 1023 monteisque
559 985 638 1014 necesse
649 976 679 1013 est

109 1023 198 1063 Officere
209 1024 232 1064 iu
245 1027 310 1073 terris,
322 1029 405 1076 apparet
417 1025 504 1065 crebrius
516 1026 570 1064 idem
590 1049 605 1054 ·-
672 1050 675 1053 ‹

56 1071 98 1117 450
109 1075 219 1126 Prospectu
233 1078 294 1117 maris
304 1077 327 1117 in
339 1090 413 1128 magno
422 1077 520 1127 'coeloque
532 1076 613 1127 patenti.
631 1105 634 1109 -

135 1126 210 1168 Nubila
223 1133 354 1176 concrescunt,
366 1129 403 1181 uiri
415 1142 499 1179 corpora
510 1131 573 1169 multa
584 1126 670 1169 volando
683 1134 686 1138 ’

108 1178 154 1224 Hoc
166 1181 323 1230 superineoeii
334 1181 397 1231 spatio
411 1182 475 1220 coiere
486 1184 567 1231 repente
591 1206 608 1224 ,v
699 1230 701 1232 Ι

109 1232 228 1281 Asperiora,
240 1232 305 1272 modis
317 1239 368 1282 qnae
379 1233 455 1282 possint
466 1232 580 1282 indupedita
623 1256 631 1269 -.

107 1282 200 1334 Exiguus,
208 1287 275 1323 tumen
286 1284 339 1323 inter
350 1297 372 1324 se
384 1289 495 1335 compressa
506 1283 575 1322 teneri.

55 1331 97 1375 455
109 1335 166 1374 Haec
178 1335 254 1374 faciunt
266 1336 353 1386 primum
364 1348 437 1386 parvas
450 1334 556 1375 consistere
568 1332 650 1381 nuheiss

106 1386 155 1427 Inde
167 1399 191 1426 ea
204 1389 345 1439 comprendunt
356 1388 407 1427 inter
420 1400 447 1436 se,
461 1399 536 1436 conque
547 1389 663 1438 gregantur,
762 1410 765 1414 ‹

105 1438 133 1477 ut
146 1438 285 1490 coniungendo
298 1443 394 1489 creseunt,
406 1439 608 1489 ventisque'feumtur
711 1445 714 1448 ’

106 1490 174 1539 Usque
186 1491 242 1540 adeo,
256 1493 318 1532 donee
330 1494 435 1541 tempestas
448 1502 514 1530 saeva*
520 1493 588 1529 coorta
600 1490 637 1529 est.

131 1541 166 1582 Fit
177 1553 263 1593 qnoque·
272 1543 302 1583 uti
314 1544 386 1583 montis
397 1542 466 1582 vicina
477 1542 580 1581 cacumine
592 1541 648 1580 coelo
700 1555 703 1558 ·

52 1589 95 1634 460
106 1592 173 1643 Quam
185 1595 226 1635 sint
238 1596 323 1646 quoique
335 1594 407 1646 magis,
422 1597 476 1633 tanto
489 1593 556 1645 magis
568 1592 621 1632 edita
632 1592 709 1634 fument

27 1657 30 1661 ·
106 1645 189 1685 Assidue
201 1647 270 1686 fulvae
283 1646 341 1685 nubis
354 1646 441 1696 ealigine
453 1658 535 1693 crassae
606 1692 608 1694 Ι
643 1680 646 1683 .
667 1676 670 1681 ,
710 1682 712 1684 .

105 1696 216 1747 Propterea
228 1698 281 1748 quia,
294 1710 355 1747 quom
367 1696 476 1736 consistunt
487 1696 556 1735 nubila
568 1694 668 1745 primum,
691 1718 693 1720 -

105 1747 157 1787 Ante
169 1748 237 1788 videre
249 1749 314 1788 oculei
325 1760 386 1799 quam
398 1747 472 1799 possint
484 1747 556 1795 tenvia,
569 1746 635 1785 ventei

104 1799 210 1840 Portantes
222 1805 296 1852 cogunt
308 1801 334 1839 ad
346 1812 426 1840 summa
436 1800 539 1838 cacumina
551 1798 638 1838 montisf-

51 1846 93 1891 465
104 1851 145 1892 Hie
158 1852 279 1902 demuntur,
292 1853 328 1901 uti,
342 1853 401 1891 turha
413 1851 489 1890 maiore
501 1854 576 1898 coorta,
630 1878 632 1882 -

34 1947 40 1952 .
102 1903 130 1943 Et
142 1904 242 1944 condensa
251 1910 311 1954 atque
322 1907 379 1944 areta
391 1915 492 1954 apparere,
506 1907 525 1942 et
533 1901 593 1940 simul
603 1900 648 1951 ipso

104 1953 184 1994 Vortice
196 1956 221 1995 de
233 1955 305 1996 montis
317 1956 411 2008 viderier
423 1967 505 2006 surgere
517 1954 538 1992 in
550 1953 649 2005 aethram.

101 2005 155 2046 Nam
166 2007 212 2047 loca
224 2009 311 2056 declarat
323 2020 401 2047 sursum
413 2012 495 2045 ventosa
507 2009 574 2055 patere

40 2070 42 2072 ’
103 2058 146 2107 Res
157 2058 201 2108 ipsa
213 2063 234 2099 et
240 2071 331 2116 sensum,
344 2059 501 2107 monteis'quom
513 2054 637 2095 ascendimus
648 2055 711 2098 altus*

51 2102 92 2147 470
120 2111 243 2159 Praeterea,
256 2112 356 2162 permulta
368 2110 420 2149 muri
433 2121 511 2159 quoque
523 2108 592 2155 toliere
604 2110 652 2148 toto·

103 2160 192 2212 Corpora
203 2167 302 2211 nanuum,
316 2162 420 2201 declarant
428 2162 488 2201 litore
499 2164 562 2199 vestes
576 2179 588 2192 .·
623 2164 628 2175 Χ
646 2191 648 2193 .

103 2211 218 2262 suspensae,
232 2227 292 2265 quom
305 2214 417 2265 concipiunt
428 2211 519 2252 humoris
531 2211 644 2250 edissenum.

103 2265 163 2313 Quod
174 2265 240 2317 magis
252 2268 278 2306 ad
290 2268 359 2306 nubeis
371 2265 473 2317 ungendas
484 2263 549 2302 multa
558 2263 649 2302 videntur

103 2316 165 2356 Posse
176 2326 254 2366 'quoque
266 2331 278 2356 e
290 2319 342 2357 salso
355 2329 475 2368 consurgere
486 2314 573 2355 momine
584 2316 656 2365 pontis

50 2363 90 2409 4⁷5
103 2368 155 2411 Nem
168 2369 220 2408 ratio
232 2370 377 2420 consanguinea
389 2373 419 2408 est
429 2367 547 2407 humoribus
560 2367 630 2406 omnis.

127 2422 242 2469 Praeterea,
254 2421 322 2460 fluviis
334 2435 358 2461 ex
371 2420 462 2460 emmens
475 2422 495 2458 et
506 2419 565 2458 simul
574 2419 620 2468 vipsa
679 2431 693 2453 u

102 2470 191 2526 Surgere
203 2473 228 2514 de
241 2477 295 2514 terra
306 2474 389 2514 nebulas
400 2476 516 2522 aestumque
527 2471 630 2519 ridemue3
676 2490 680 2495 >
