<?xml version="1.0" encoding="UTF-8"?>
<!DOCTYPE html PUBLIC "-//W3C//DTD XHTML 1.0 Transitional//EN"
    "http://www.w3.org/TR/xhtml1/DTD/xhtml1-transitional.dtd">
<html xmlns="http://www.w3.org/1999/xhtml" xml:lang="en" lang="en">
 <head>
  <title>
</title>
<meta http-equiv="Content-Type" content="text/html;charset=utf-8" />
  <meta name='ocr-system' content='tesseract 3.04.00' />
  <meta name='ocr-capabilities' content='ocr_page ocr_carea ocr_par ocr_line ocrx_word'/>
</head>
<body>
  <div class='ocr_page' id='page_1' title='image "./MN40048ucmf_3_0152.png"; bbox 0 0 1690 2654; ppageno 0'>
   <div class='ocr_carea' id='block_1_1' title="bbox 87 82 616 155">
    <p class='ocr_par' dir='ltr' id='par_1_1' title="bbox 87 82 616 155">
     <span class='ocr_line' id='line_1_1' title="bbox 87 82 616 155; baseline -0.009 -8"><span class='ocrx_word' id='word_1_1' title='bbox 87 100 127 155; x_wconf 70' lang='lat' dir='ltr'><strong>te</strong></span> <span class='ocrx_word' id='word_1_2' title='bbox 268 82 324 141; x_wconf 82' lang='grc'>’66</span> <span class='ocrx_word' id='word_1_3' title='bbox 342 99 467 141; x_wconf 79' lang='lat' dir='ltr'><strong>annon</strong></span> <span class='ocrx_word' id='word_1_4' title='bbox 482 100 616 142; x_wconf 69' lang='lat' dir='ltr'><strong>euroni</strong></span> 
     </span>
    </p>
   </div>
   <div class='ocr_carea' id='block_1_2' title="bbox 46 208 748 1612">
    <p class='ocr_par' dir='ltr' id='par_1_2' title="bbox 141 208 652 264">
     <span class='ocr_line' id='line_1_2' title="bbox 141 208 652 264; baseline 0.006 -17"><span class='ocrx_word' id='word_1_5' title='bbox 141 208 241 260; x_wconf 75' lang='lat' dir='ltr'>Serpentis</span> <span class='ocrx_word' id='word_1_6' title='bbox 251 209 315 261; x_wconf 84' lang='lat' dir='ltr'><strong>cauda</strong></span> <span class='ocrx_word' id='word_1_7' title='bbox 326 211 346 264; x_wconf 83' lang='lat' dir='ltr'><strong>et</strong></span> <span class='ocrx_word' id='word_1_8' title='bbox 354 222 437 261; x_wconf 88' lang='lat' dir='ltr'><strong>proeero</strong></span> <span class='ocrx_word' id='word_1_9' title='bbox 445 223 534 262; x_wconf 88' lang='lat' dir='ltr'><strong>corpore,</strong></span> <span class='ocrx_word' id='word_1_10' title='bbox 545 215 652 261; x_wconf 87' lang='lat' dir='ltr'><strong>utrumqne</strong></span> 
     </span>
    </p>

    <p class='ocr_par' dir='ltr' id='par_1_3' title="bbox 85 260 652 312">
     <span class='ocr_line' id='line_1_3' title="bbox 85 260 652 312; baseline 0.004 -12"><span class='ocrx_word' id='word_1_11' title='bbox 85 271 95 279; x_wconf 84' lang='lat'><strong>·</strong></span> <span class='ocrx_word' id='word_1_12' title='bbox 140 260 172 301; x_wconf 89' lang='lat' dir='ltr'><strong>Sit</strong></span> <span class='ocrx_word' id='word_1_13' title='bbox 184 262 270 301; x_wconf 86' lang='lat' dir='ltr'><strong>lubitum</strong></span> <span class='ocrx_word' id='word_1_14' title='bbox 281 262 303 303; x_wconf 76' lang='lat' dir='ltr'><strong>in</strong></span> <span class='ocrx_word' id='word_1_15' title='bbox 311 261 386 302; x_wconf 84' lang='lat' dir='ltr'><strong>multas</strong></span> <span class='ocrx_word' id='word_1_16' title='bbox 395 264 469 312; x_wconf 87' lang='lat' dir='ltr'><strong>parteis</strong></span> <span class='ocrx_word' id='word_1_17' title='bbox 476 263 571 301; x_wconf 77' lang='lat' dir='ltr'><strong>discidere</strong></span> <span class='ocrx_word' id='word_1_18' title='bbox 580 264 652 311; x_wconf 78' lang='lat' dir='ltr'><strong>ferro;</strong></span> 
     </span>
    </p>

    <p class='ocr_par' dir='ltr' id='par_1_4' title="bbox 46 313 661 522">
     <span class='ocr_line' id='line_1_4' title="bbox 46 313 621 363; baseline 0 -9"><span class='ocrx_word' id='word_1_19' title='bbox 46 353 48 356; x_wconf 76' lang='grc'>,</span> <span class='ocrx_word' id='word_1_20' title='bbox 88 313 128 356; x_wconf 79' lang='grc'>660</span> <span class='ocrx_word' id='word_1_21' title='bbox 141 313 215 352; x_wconf 85' lang='lat' dir='ltr'><strong>Omnia</strong></span> <span class='ocrx_word' id='word_1_22' title='bbox 224 315 266 353; x_wconf 85' lang='lat' dir='ltr'><strong>iam</strong></span> <span class='ocrx_word' id='word_1_23' title='bbox 274 327 363 353; x_wconf 87' lang='lat' dir='ltr'><strong>seorsum</strong></span> <span class='ocrx_word' id='word_1_24' title='bbox 371 330 444 363; x_wconf 86' lang='lat' dir='ltr'><strong>cernes,</strong></span> <span class='ocrx_word' id='word_1_25' title='bbox 459 315 533 354; x_wconf 83' lang='lat' dir='ltr'><strong>amcisa</strong></span> <span class='ocrx_word' id='word_1_26' title='bbox 542 315 621 354; x_wconf 77' lang='lat' dir='ltr'><strong>recenti·</strong></span> 
     </span>
     <span class='ocr_line' id='line_1_5' title="bbox 140 365 649 419; baseline 0.004 -16"><span class='ocrx_word' id='word_1_27' title='bbox 140 365 231 414; x_wconf 71' lang='lat' dir='ltr'><strong>venere,</strong></span> <span class='ocrx_word' id='word_1_28' title='bbox 244 366 322 417; x_wconf 85' lang='lat' dir='ltr'><strong>tortari,</strong></span> <span class='ocrx_word' id='word_1_29' title='bbox 333 370 352 407; x_wconf 87' lang='lat' dir='ltr'><strong>et</strong></span> <span class='ocrx_word' id='word_1_30' title='bbox 363 372 438 408; x_wconf 84' lang='lat' dir='ltr'><strong>terram</strong></span> <span class='ocrx_word' id='word_1_31' title='bbox 449 380 578 419; x_wconf 77' lang='lat' dir='ltr'>conspergere</span> <span class='ocrx_word' id='word_1_32' title='bbox 589 367 649 414; x_wconf 80' lang='lat' dir='ltr'><strong>tebo3</strong></span> 
     </span>
     <span class='ocr_line' id='line_1_6' title="bbox 139 416 650 471; baseline 0.002 -16"><span class='ocrx_word' id='word_1_33' title='bbox 139 416 207 466; x_wconf 81' lang='lat' dir='ltr'><strong>ipsam</strong></span> <span class='ocrx_word' id='word_1_34' title='bbox 218 430 278 469; x_wconf 84' lang='lat' dir='ltr'><strong>seque</strong></span> <span class='ocrx_word' id='word_1_35' title='bbox 285 421 338 459; x_wconf 89' lang='lat' dir='ltr'><strong>retro</strong></span> <span class='ocrx_word' id='word_1_36' title='bbox 350 424 426 469; x_wconf 87' lang='lat' dir='ltr'><strong>partem</strong></span> <span class='ocrx_word' id='word_1_37' title='bbox 436 423 502 471; x_wconf 86' lang='lat' dir='ltr'><strong>petere</strong></span> <span class='ocrx_word' id='word_1_38' title='bbox 513 419 650 471; x_wconf 23' lang='lat' dir='ltr'><strong>ore-priorem,</strong></span> 
     </span>
     <span class='ocr_line' id='line_1_7' title="bbox 138 469 661 522; baseline 0.008 -16"><span class='ocrx_word' id='word_1_39' title='bbox 138 469 228 517; x_wconf 59' lang='lat' dir='ltr'><strong>volneris</strong></span> <span class='ocrx_word' id='word_1_40' title='bbox 238 472 321 518; x_wconf 75' lang='lat' dir='ltr'><strong>ardenti,</strong></span> <span class='ocrx_word' id='word_1_41' title='bbox 335 477 357 509; x_wconf 88' lang='lat' dir='ltr'><strong>ut</strong></span> <span class='ocrx_word' id='word_1_42' title='bbox 368 476 525 522; x_wconf 86' lang='lat' dir='ltr'><strong>morsu-premat,</strong></span> <span class='ocrx_word' id='word_1_43' title='bbox 538 473 578 510; x_wconf 87' lang='lat' dir='ltr'><strong>icta</strong></span> <span class='ocrx_word' id='word_1_44' title='bbox 587 472 661 510; x_wconf 86' lang='lat' dir='ltr'><strong>dolore.</strong></span> 
     </span>
    </p>

    <p class='ocr_par' dir='ltr' id='par_1_5' title="bbox 167 521 635 574">
     <span class='ocr_line' id='line_1_8' title="bbox 167 521 635 574; baseline 0.009 -16"><span class='ocrx_word' id='word_1_45' title='bbox 167 521 264 561; x_wconf 79' lang='lat' dir='ltr'>Omnibus</span> <span class='ocrx_word' id='word_1_46' title='bbox 273 532 318 574; x_wconf 80' lang='lat' dir='ltr'><strong>esse</strong></span> <span class='ocrx_word' id='word_1_47' title='bbox 324 523 387 574; x_wconf 82' lang='lat' dir='ltr'><strong>igitur</strong></span> <span class='ocrx_word' id='word_1_48' title='bbox 397 529 448 563; x_wconf 87' lang='lat' dir='ltr'><strong>totas</strong></span> <span class='ocrx_word' id='word_1_49' title='bbox 459 524 546 562; x_wconf 80' lang='lat' dir='ltr'><strong>dicemus</strong></span> <span class='ocrx_word' id='word_1_50' title='bbox 556 524 577 563; x_wconf 84' lang='lat' dir='ltr'><strong>in</strong></span> <span class='ocrx_word' id='word_1_51' title='bbox 590 523 635 562; x_wconf 83' lang='lat' dir='ltr'><strong>ollis</strong></span> 
     </span>
    </p>

    <p class='ocr_par' dir='ltr' id='par_1_6' title="bbox 88 570 745 834">
     <span class='ocr_line' id='line_1_9' title="bbox 88 570 689 625; baseline 0 -11"><span class='ocrx_word' id='word_1_52' title='bbox 88 570 131 616; x_wconf 77' lang='lat'>665.</span> <span class='ocrx_word' id='word_1_53' title='bbox 140 573 248 613; x_wconf 87' lang='lat' dir='ltr'><strong>Particulis</strong></span> <span class='ocrx_word' id='word_1_54' title='bbox 260 575 349 614; x_wconf 85' lang='lat' dir='ltr'><strong>animas?</strong></span> <span class='ocrx_word' id='word_1_55' title='bbox 363 576 389 615; x_wconf 82' lang='lat' dir='ltr'><strong>At</strong></span> <span class='ocrx_word' id='word_1_56' title='bbox 400 588 424 615; x_wconf 87' lang='lat' dir='ltr'><strong>ea</strong></span> <span class='ocrx_word' id='word_1_57' title='bbox 436 576 513 615; x_wconf 85' lang='lat' dir='ltr'><strong>ratione</strong></span> <span class='ocrx_word' id='word_1_58' title='bbox 524 579 623 625; x_wconf 84' lang='lat' dir='ltr'><strong>sequetur,</strong></span> <span class='ocrx_word' id='word_1_59' title='bbox 684 576 689 584; x_wconf 85' lang='lat'>&#39;</span> 
     </span>
     <span class='ocr_line' id='line_1_10' title="bbox 141 626 741 676; baseline 0.003 -11"><span class='ocrx_word' id='word_1_60' title='bbox 141 626 208 665; x_wconf 85' lang='lat' dir='ltr'><strong>Unam</strong></span> <span class='ocrx_word' id='word_1_61' title='bbox 217 627 337 666; x_wconf 74' lang='lat' dir='ltr'><strong>animantem</strong></span> <span class='ocrx_word' id='word_1_62' title='bbox 347 629 425 667; x_wconf 85' lang='lat' dir='ltr'><strong>animas</strong></span> <span class='ocrx_word' id='word_1_63' title='bbox 434 628 528 666; x_wconf 86' lang='lat' dir='ltr'><strong>habuisse</strong></span> <span class='ocrx_word' id='word_1_64' title='bbox 539 629 560 665; x_wconf 87' lang='lat' dir='ltr'><strong>in</strong></span> <span class='ocrx_word' id='word_1_65' title='bbox 570 640 653 676; x_wconf 83' lang='lat' dir='ltr'><strong>corpore</strong></span> <span class='ocrx_word' id='word_1_66' title='bbox 662 628 741 668; x_wconf 82' lang='lat' dir='ltr'><strong>multae.</strong></span> 
     </span>
     <span class='ocr_line' id='line_1_11' title="bbox 141 679 643 729; baseline 0.004 -13"><span class='ocrx_word' id='word_1_67' title='bbox 141 679 197 728; x_wconf 85' lang='lat' dir='ltr'><strong>Ergo</strong></span> <span class='ocrx_word' id='word_1_68' title='bbox 209 679 273 717; x_wconf 77' lang='lat' dir='ltr'><strong>divisa</strong></span> <span class='ocrx_word' id='word_1_69' title='bbox 282 683 311 717; x_wconf 88' lang='lat' dir='ltr'><strong>est</strong></span> <span class='ocrx_word' id='word_1_70' title='bbox 323 684 353 727; x_wconf 79' lang='lat' dir='ltr'><strong>ea,</strong></span> <span class='ocrx_word' id='word_1_71' title='bbox 370 693 422 729; x_wconf 87' lang='lat' dir='ltr'><strong>quae</strong></span> <span class='ocrx_word' id='word_1_72' title='bbox 431 680 470 717; x_wconf 86' lang='lat' dir='ltr'><strong>fnit</strong></span> <span class='ocrx_word' id='word_1_73' title='bbox 477 692 517 717; x_wconf 84' lang='lat' dir='ltr'><strong>una</strong></span> <span class='ocrx_word' id='word_1_74' title='bbox 526 680 587 717; x_wconf 88' lang='lat' dir='ltr'><strong>simul</strong></span> <span class='ocrx_word' id='word_1_75' title='bbox 597 692 643 718; x_wconf 90' lang='lat' dir='ltr'><strong>cum</strong></span> 
     </span>
     <span class='ocr_line' id='line_1_12' title="bbox 141 728 745 782; baseline 0.005 -15"><span class='ocrx_word' id='word_1_76' title='bbox 141 730 240 778; x_wconf 77' lang='lat' dir='ltr'><strong>Corpore:</strong></span> <span class='ocrx_word' id='word_1_77' title='bbox 252 728 372 782; x_wconf 83' lang='lat' dir='ltr'><strong>quapropter</strong></span> <span class='ocrx_word' id='word_1_78' title='bbox 381 731 466 769; x_wconf 79' lang='lat' dir='ltr'><strong>mortale</strong></span> <span class='ocrx_word' id='word_1_79' title='bbox 475 734 581 779; x_wconf 86' lang='lat' dir='ltr'><strong>utrumque</strong></span> <span class='ocrx_word' id='word_1_80' title='bbox 587 731 696 779; x_wconf 81' lang='lat' dir='ltr'><strong>putandum</strong></span> <span class='ocrx_word' id='word_1_81' title='bbox 705 732 745 781; x_wconf 67' lang='lat' dir='ltr'><strong>esa</strong></span> 
     </span>
     <span class='ocr_line' id='line_1_13' title="bbox 140 781 737 834; baseline 0.003 -13"><span class='ocrx_word' id='word_1_82' title='bbox 140 781 164 821; x_wconf 91' lang='lat' dir='ltr'><strong>In</strong></span> <span class='ocrx_word' id='word_1_83' title='bbox 176 781 354 834; x_wconf 74' lang='lat' dir='ltr'><strong>mrdtas&#39;qnonidm</strong></span> <span class='ocrx_word' id='word_1_84' title='bbox 364 782 438 834; x_wconf 81' lang='lat' dir='ltr'><strong>parteis</strong></span> <span class='ocrx_word' id='word_1_85' title='bbox 448 782 551 821; x_wconf 75' lang='lat' dir='ltr'><strong>disciditur</strong></span> <span class='ocrx_word' id='word_1_86' title='bbox 560 794 629 831; x_wconf 71' lang='lat' dir='ltr'><strong>aeque.</strong></span> <span class='ocrx_word' id='word_1_87' title='bbox 735 792 737 794; x_wconf 73' lang='grc'><strong><em>’</em></strong></span> 
     </span>
    </p>

    <p class='ocr_par' dir='ltr' id='par_1_7' title="bbox 88 830 748 1043">
     <span class='ocr_line' id='line_1_14' title="bbox 88 830 605 883; baseline -0.002 -8"><span class='ocrx_word' id='word_1_88' title='bbox 88 830 129 883; x_wconf 75' lang='lat' dir='ltr'><strong>did</strong></span> <span class='ocrx_word' id='word_1_89' title='bbox 166 834 280 881; x_wconf 83' lang='lat' dir='ltr'><strong>Praeterea,</strong></span> <span class='ocrx_word' id='word_1_90' title='bbox 290 836 313 873; x_wconf 90' lang='lat' dir='ltr'><strong>-si</strong></span> <span class='ocrx_word' id='word_1_91' title='bbox 322 835 442 873; x_wconf 88' lang='lat' dir='ltr'><strong>immortalis</strong></span> <span class='ocrx_word' id='word_1_92' title='bbox 450 838 520 874; x_wconf 83' lang='lat' dir='ltr'><strong>natura</strong></span> <span class='ocrx_word' id='word_1_93' title='bbox 530 836 605 874; x_wconf 86' lang='lat' dir='ltr'><strong>animai</strong></span> 
     </span>
     <span class='ocr_line' id='line_1_15' title="bbox 141 886 693 937; baseline 0 -10"><span class='ocrx_word' id='word_1_94' title='bbox 141 889 229 935; x_wconf 66' lang='lat' dir='ltr'><strong>constat,</strong></span> <span class='ocrx_word' id='word_1_95' title='bbox 243 887 293 926; x_wconf 85' lang='lat' dir='ltr'><strong>etin</strong></span> <span class='ocrx_word' id='word_1_96' title='bbox 302 889 372 937; x_wconf 88' lang='lat' dir='ltr'><strong>corpus</strong></span> <span class='ocrx_word' id='word_1_97' title='bbox 381 886 508 928; x_wconf 84' lang='lat' dir='ltr'><strong>nascentibus</strong></span> <span class='ocrx_word' id='word_1_98' title='bbox 516 887 638 935; x_wconf 79' lang='lat' dir='ltr'><strong>insinuatur3</strong></span> <span class='ocrx_word' id='word_1_99' title='bbox 660 898 662 902; x_wconf 88' lang='grc'><em>·</em></span> <span class='ocrx_word' id='word_1_100' title='bbox 691 888 693 890; x_wconf 73' lang='grc'><strong>’</strong></span> 
     </span>
     <span class='ocr_line' id='line_1_16' title="bbox 141 939 748 992; baseline 0.007 -14"><span class='ocrx_word' id='word_1_101' title='bbox 141 941 199 989; x_wconf 78' lang='lat' dir='ltr'><strong>Quur</strong></span> <span class='ocrx_word' id='word_1_102' title='bbox 209 952 268 989; x_wconf 89' lang='lat' dir='ltr'><strong>super</strong></span> <span class='ocrx_word' id='word_1_103' title='bbox 277 943 322 979; x_wconf 88' lang='lat' dir='ltr'><strong>ante</strong></span> <span class='ocrx_word' id='word_1_104' title='bbox 331 942 398 978; x_wconf 86' lang='lat' dir='ltr'><strong>actam</strong></span> <span class='ocrx_word' id='word_1_105' title='bbox 407 941 492 978; x_wconf 85' lang='lat' dir='ltr'><strong>aetatem</strong></span> <span class='ocrx_word' id='word_1_106' title='bbox 500 939 612 979; x_wconf 77' lang='lat' dir='ltr'><strong>meminisse</strong></span> <span class='ocrx_word' id='word_1_107' title='bbox 622 939 733 992; x_wconf 76' lang='lat' dir='ltr'><strong>nequimus,</strong></span> <span class='ocrx_word' id='word_1_108' title='bbox 746 951 748 956; x_wconf 58' lang='lat'><strong>¹</strong></span> 
     </span>
     <span class='ocr_line' id='line_1_17' title="bbox 142 991 635 1043; baseline -0.002 -12"><span class='ocrx_word' id='word_1_109' title='bbox 142 991 277 1043; x_wconf 73' lang='lat' dir='ltr'><strong>Neqvestigia</strong></span> <span class='ocrx_word' id='word_1_110' title='bbox 286 995 388 1043; x_wconf 82' lang='lat' dir='ltr'><strong>gestarum</strong></span> <span class='ocrx_word' id='word_1_111' title='bbox 397 1004 465 1029; x_wconf 88' lang='lat' dir='ltr'><strong>rerum</strong></span> <span class='ocrx_word' id='word_1_112' title='bbox 476 992 518 1030; x_wconf 89' lang='lat' dir='ltr'><strong>ulla</strong></span> <span class='ocrx_word' id='word_1_113' title='bbox 532 992 635 1031; x_wconf 72' lang='lat' dir='ltr'><strong>tenemus?</strong></span> 
     </span>
    </p>

    <p class='ocr_par' dir='ltr' id='par_1_8' title="bbox 141 1043 632 1094">
     <span class='ocr_line' id='line_1_18' title="bbox 141 1043 632 1094; baseline -0.002 -10"><span class='ocrx_word' id='word_1_114' title='bbox 141 1043 193 1084; x_wconf 82' lang='lat' dir='ltr'><strong>Nam</strong></span> <span class='ocrx_word' id='word_1_115' title='bbox 205 1043 223 1082; x_wconf 87' lang='lat' dir='ltr'><strong>si</strong></span> <span class='ocrx_word' id='word_1_116' title='bbox 229 1046 332 1094; x_wconf 85' lang='lat' dir='ltr'><strong>tantopere</strong></span> <span class='ocrx_word' id='word_1_117' title='bbox 343 1048 372 1083; x_wconf 87' lang='lat' dir='ltr'><strong>est</strong></span> <span class='ocrx_word' id='word_1_118' title='bbox 382 1043 444 1083; x_wconf 89' lang='lat' dir='ltr'><strong>animi</strong></span> <span class='ocrx_word' id='word_1_119' title='bbox 454 1047 531 1082; x_wconf 75' lang='lat' dir='ltr'><strong>mutata</strong></span> <span class='ocrx_word' id='word_1_120' title='bbox 540 1047 632 1094; x_wconf 82' lang='lat' dir='ltr'><strong>potestas,</strong></span> 
     </span>
    </p>

    <p class='ocr_par' dir='ltr' id='par_1_9' title="bbox 90 1092 687 1300">
     <span class='ocr_line' id='line_1_19' title="bbox 90 1092 687 1147; baseline 0 -11"><span class='ocrx_word' id='word_1_121' title='bbox 90 1092 129 1136; x_wconf 71' lang='lat'><strong>675</strong></span> <span class='ocrx_word' id='word_1_122' title='bbox 142 1095 212 1135; x_wconf 86' lang='lat' dir='ltr'><strong>Omnis</strong></span> <span class='ocrx_word' id='word_1_123' title='bbox 222 1099 245 1133; x_wconf 90' lang='lat' dir='ltr'><strong>nt</strong></span> <span class='ocrx_word' id='word_1_124' title='bbox 254 1100 345 1136; x_wconf 85' lang='lat' dir='ltr'><strong>actarum</strong></span> <span class='ocrx_word' id='word_1_125' title='bbox 357 1095 451 1134; x_wconf 81' lang='lat' dir='ltr'><strong>exciderit</strong></span> <span class='ocrx_word' id='word_1_126' title='bbox 461 1096 565 1135; x_wconf 78' lang='lat' dir='ltr'><strong>retinentia</strong></span> <span class='ocrx_word' id='word_1_127' title='bbox 574 1109 654 1144; x_wconf 81' lang='lat' dir='ltr'><strong>rerum3</strong></span> <span class='ocrx_word' id='word_1_128' title='bbox 681 1132 687 1147; x_wconf 45' lang='grc'><strong>,.</strong></span> 
     </span>
     <span class='ocr_line' id='line_1_20' title="bbox 140 1147 659 1197; baseline -0.002 -10"><span class='ocrx_word' id='word_1_129' title='bbox 140 1147 193 1195; x_wconf 85' lang='lat' dir='ltr'><strong>Non,</strong></span> <span class='ocrx_word' id='word_1_130' title='bbox 205 1150 228 1185; x_wconf 89' lang='lat' dir='ltr'><strong>ut</strong></span> <span class='ocrx_word' id='word_1_131' title='bbox 237 1147 315 1197; x_wconf 80' lang='lat' dir='ltr'><strong>opiner,</strong></span> <span class='ocrx_word' id='word_1_132' title='bbox 327 1147 349 1185; x_wconf 88' lang='lat' dir='ltr'><strong>id</strong></span> <span class='ocrx_word' id='word_1_133' title='bbox 361 1148 386 1186; x_wconf 90' lang='lat' dir='ltr'><strong>ab</strong></span> <span class='ocrx_word' id='word_1_134' title='bbox 399 1148 439 1186; x_wconf 87' lang='lat' dir='ltr'><strong>leto</strong></span> <span class='ocrx_word' id='word_1_135' title='bbox 450 1147 587 1197; x_wconf 86' lang='lat' dir='ltr'><strong>iamlongiter</strong></span> <span class='ocrx_word' id='word_1_136' title='bbox 597 1152 659 1186; x_wconf 82' lang='lat' dir='ltr'><strong>erret.</strong></span> 
     </span>
     <span class='ocr_line' id='line_1_21' title="bbox 141 1199 658 1248; baseline -0.002 -11"><span class='ocrx_word' id='word_1_137' title='bbox 141 1200 267 1248; x_wconf 76' lang='lat' dir='ltr'><strong>Quapropter</strong></span> <span class='ocrx_word' id='word_1_138' title='bbox 276 1199 352 1238; x_wconf 76' lang='lat' dir='ltr'><strong>fateare</strong></span> <span class='ocrx_word' id='word_1_139' title='bbox 358 1211 436 1237; x_wconf 85' lang='lat' dir='ltr'><strong>necesse</strong></span> <span class='ocrx_word' id='word_1_140' title='bbox 444 1203 479 1246; x_wconf 86' lang='lat' dir='ltr'><strong>est,</strong></span> <span class='ocrx_word' id='word_1_141' title='bbox 492 1211 543 1248; x_wconf 83' lang='lat' dir='ltr'><strong>quae</strong></span> <span class='ocrx_word' id='word_1_142' title='bbox 551 1199 592 1237; x_wconf 79' lang='lat' dir='ltr'><strong>fnit</strong></span> <span class='ocrx_word' id='word_1_143' title='bbox 604 1202 658 1246; x_wconf 72' lang='lat' dir='ltr'><strong>ante,-</strong></span> 
     </span>
     <span class='ocr_line' id='line_1_22' title="bbox 142 1251 671 1300; baseline 0 -10"><span class='ocrx_word' id='word_1_144' title='bbox 142 1251 248 1297; x_wconf 68' lang='lat' dir='ltr'><strong>micuisse,</strong></span> <span class='ocrx_word' id='word_1_145' title='bbox 261 1253 286 1299; x_wconf 89' lang='lat' dir='ltr'><strong>et,</strong></span> <span class='ocrx_word' id='word_1_146' title='bbox 292 1263 351 1300; x_wconf 83' lang='lat' dir='ltr'><strong>quae</strong></span> <span class='ocrx_word' id='word_1_147' title='bbox 358 1264 412 1290; x_wconf 86' lang='lat' dir='ltr'><strong>nmrc</strong></span> <span class='ocrx_word' id='word_1_148' title='bbox 420 1254 456 1297; x_wconf 86' lang='lat' dir='ltr'><strong>est,</strong></span> <span class='ocrx_word' id='word_1_149' title='bbox 464 1261 519 1288; x_wconf 76' lang='lat' dir='ltr'><strong>&#39;nune</strong></span> <span class='ocrx_word' id='word_1_150' title='bbox 529 1263 571 1289; x_wconf 85' lang='lat' dir='ltr'><strong>esse</strong></span> <span class='ocrx_word' id='word_1_151' title='bbox 578 1255 671 1290; x_wconf 78' lang='lat' dir='ltr'><strong>creatum.</strong></span> 
     </span>
    </p>

    <p class='ocr_par' dir='ltr' id='par_1_10' title="bbox 167 1302 658 1354">
     <span class='ocr_line' id='line_1_23' title="bbox 167 1302 658 1354; baseline -0.004 -12"><span class='ocrx_word' id='word_1_152' title='bbox 167 1303 317 1350; x_wconf 65' lang='lat' dir='ltr'><strong>trectense,</strong></span> <span class='ocrx_word' id='word_1_153' title='bbox 330 1303 372 1340; x_wconf 84' lang='lat' dir='ltr'><strong>iam</strong></span> <span class='ocrx_word' id='word_1_154' title='bbox 382 1304 470 1354; x_wconf 85' lang='lat' dir='ltr'><strong>perlecto</strong></span> <span class='ocrx_word' id='word_1_155' title='bbox 482 1314 570 1351; x_wconf 84' lang='lat' dir='ltr'><strong>corpore,</strong></span> <span class='ocrx_word' id='word_1_156' title='bbox 582 1302 640 1341; x_wconf 86' lang='lat' dir='ltr'><strong>nobis</strong></span> <span class='ocrx_word' id='word_1_157' title='bbox 655 1326 658 1330; x_wconf 92' lang='lat'>·</span> 
     </span>
    </p>

    <p class='ocr_par' dir='ltr' id='par_1_11' title="bbox 89 1352 716 1612">
     <span class='ocr_line' id='line_1_24' title="bbox 89 1352 568 1403; baseline -0.006 -8"><span class='ocrx_word' id='word_1_158' title='bbox 89 1352 130 1396; x_wconf 79' lang='lat'><strong>680</strong></span> <span class='ocrx_word' id='word_1_159' title='bbox 141 1355 213 1393; x_wconf 89' lang='lat' dir='ltr'><strong>lnlerri</strong></span> <span class='ocrx_word' id='word_1_160' title='bbox 222 1354 281 1392; x_wconf 84' lang='lat' dir='ltr'><strong>solita</strong></span> <span class='ocrx_word' id='word_1_161' title='bbox 293 1358 322 1392; x_wconf 84' lang='lat' dir='ltr'><strong>est</strong></span> <span class='ocrx_word' id='word_1_162' title='bbox 330 1354 393 1392; x_wconf 83' lang='lat' dir='ltr'><strong>animi</strong></span> <span class='ocrx_word' id='word_1_163' title='bbox 402 1354 470 1398; x_wconf 65' lang='lat' dir='ltr'><strong>nirata</strong></span> <span class='ocrx_word' id='word_1_164' title='bbox 482 1358 568 1403; x_wconf 81' lang='lat' dir='ltr'><strong>potestas</strong></span> 
     </span>
     <span class='ocr_line' id='line_1_25' title="bbox 140 1404 716 1457; baseline 0.002 -13"><span class='ocrx_word' id='word_1_165' title='bbox 140 1407 201 1453; x_wconf 76' lang='lat' dir='ltr'><strong>Trrm,</strong></span> <span class='ocrx_word' id='word_1_166' title='bbox 214 1419 274 1455; x_wconf 86' lang='lat' dir='ltr'><strong>quom</strong></span> <span class='ocrx_word' id='word_1_167' title='bbox 283 1406 385 1457; x_wconf 77' lang='lat' dir='ltr'><strong>gignimur</strong></span> <span class='ocrx_word' id='word_1_168' title='bbox 397 1410 416 1445; x_wconf 87' lang='lat' dir='ltr'><strong>et</strong></span> <span class='ocrx_word' id='word_1_169' title='bbox 426 1406 479 1445; x_wconf 82' lang='lat' dir='ltr'><strong>vitae</strong></span> <span class='ocrx_word' id='word_1_170' title='bbox 491 1418 550 1455; x_wconf 88' lang='lat' dir='ltr'><strong>quom</strong></span> <span class='ocrx_word' id='word_1_171' title='bbox 559 1405 619 1444; x_wconf 90' lang='lat' dir='ltr'><strong>limen</strong></span> <span class='ocrx_word' id='word_1_172' title='bbox 631 1404 716 1453; x_wconf 85' lang='lat' dir='ltr'><strong>inimns;</strong></span> 
     </span>
     <span class='ocr_line' id='line_1_26' title="bbox 140 1458 655 1507; baseline -0.008 -9"><span class='ocrx_word' id='word_1_173' title='bbox 140 1459 202 1498; x_wconf 84' lang='lat' dir='ltr'><strong>Haud</strong></span> <span class='ocrx_word' id='word_1_174' title='bbox 212 1458 241 1497; x_wconf 84' lang='lat' dir='ltr'><strong>ita</strong></span> <span class='ocrx_word' id='word_1_175' title='bbox 248 1458 383 1506; x_wconf 80' lang='lat' dir='ltr'><strong>conveniebat,</strong></span> <span class='ocrx_word' id='word_1_176' title='bbox 396 1458 426 1497; x_wconf 90' lang='lat' dir='ltr'><strong>uti</strong></span> <span class='ocrx_word' id='word_1_177' title='bbox 438 1470 484 1496; x_wconf 89' lang='lat' dir='ltr'><strong>cum</strong></span> <span class='ocrx_word' id='word_1_178' title='bbox 494 1470 575 1507; x_wconf 87' lang='lat' dir='ltr'><strong>corpore</strong></span> <span class='ocrx_word' id='word_1_179' title='bbox 585 1462 605 1496; x_wconf 92' lang='lat' dir='ltr'><strong>ct</strong></span> <span class='ocrx_word' id='word_1_180' title='bbox 615 1468 655 1495; x_wconf 84' lang='lat' dir='ltr'><strong>nna</strong></span> 
     </span>
     <span class='ocr_line' id='line_1_27' title="bbox 142 1509 674 1560; baseline -0.004 -11"><span class='ocrx_word' id='word_1_181' title='bbox 142 1511 193 1549; x_wconf 80' lang='lat' dir='ltr'><strong>Cum</strong></span> <span class='ocrx_word' id='word_1_182' title='bbox 204 1510 298 1549; x_wconf 85' lang='lat' dir='ltr'><strong>membris</strong></span> <span class='ocrx_word' id='word_1_183' title='bbox 308 1510 399 1549; x_wconf 78' lang='lat' dir='ltr'><strong>videatur</strong></span> <span class='ocrx_word' id='word_1_184' title='bbox 410 1510 483 1559; x_wconf 89' lang='lat' dir='ltr'><strong>inipso</strong></span> <span class='ocrx_word' id='word_1_185' title='bbox 493 1509 589 1560; x_wconf 85' lang='lat' dir='ltr'><strong>sanguine</strong></span> <span class='ocrx_word' id='word_1_186' title='bbox 600 1521 674 1548; x_wconf 74' lang='lat' dir='ltr'><strong>messer</strong></span> 
     </span>
     <span class='ocr_line' id='line_1_28' title="bbox 142 1561 638 1612; baseline -0.002 -12"><span class='ocrx_word' id='word_1_187' title='bbox 142 1562 188 1609; x_wconf 86' lang='lat' dir='ltr'><strong>Sed,</strong></span> <span class='ocrx_word' id='word_1_188' title='bbox 200 1564 256 1600; x_wconf 87' lang='lat' dir='ltr'><strong>velut</strong></span> <span class='ocrx_word' id='word_1_189' title='bbox 265 1563 285 1599; x_wconf 89' lang='lat' dir='ltr'><strong>in</strong></span> <span class='ocrx_word' id='word_1_190' title='bbox 295 1567 410 1612; x_wconf 85' lang='lat' dir='ltr'><strong>cavea,&#39;per</strong></span> <span class='ocrx_word' id='word_1_191' title='bbox 418 1575 440 1600; x_wconf 90' lang='lat' dir='ltr'><strong>se</strong></span> <span class='ocrx_word' id='word_1_192' title='bbox 448 1561 487 1609; x_wconf 86' lang='lat' dir='ltr'><strong>sibi</strong></span> <span class='ocrx_word' id='word_1_193' title='bbox 497 1561 565 1602; x_wconf 69' lang='lat' dir='ltr'><strong>itinere</strong></span> <span class='ocrx_word' id='word_1_194' title='bbox 574 1562 638 1600; x_wconf 88' lang='lat' dir='ltr'><strong>solam</strong></span> 
     </span>
    </p>
   </div>
   <div class='ocr_carea' id='block_1_3' title="bbox 19 1611 660 1662">
    <p class='ocr_par' dir='ltr' id='par_1_12' title="bbox 19 1611 660 1662">
     <span class='ocr_line' id='line_1_29' title="bbox 19 1611 660 1662; baseline 0 -9"><span class='ocrx_word' id='word_1_195' title='bbox 19 1650 28 1656; x_wconf 78' lang='grc'><strong>,.</strong></span> <span class='ocrx_word' id='word_1_196' title='bbox 89 1611 130 1653; x_wconf 75' lang='grc'><strong>685</strong></span> <span class='ocrx_word' id='word_1_197' title='bbox 143 1613 280 1659; x_wconf 49' lang='lat' dir='ltr'><strong>Conveniunt</strong></span> <span class='ocrx_word' id='word_1_198' title='bbox 292 1627 428 1662; x_wconf 89' lang='lat' dir='ltr'><strong>sensucorpus</strong></span> <span class='ocrx_word' id='word_1_199' title='bbox 439 1616 504 1652; x_wconf 88' lang='lat' dir='ltr'><strong>tamon</strong></span> <span class='ocrx_word' id='word_1_200' title='bbox 515 1613 587 1653; x_wconf 81' lang='lat' dir='ltr'><strong>affluat</strong></span> <span class='ocrx_word' id='word_1_201' title='bbox 596 1624 660 1653; x_wconf 86' lang='lat' dir='ltr'><strong>omne.</strong></span> 
     </span>
    </p>
   </div>
   <div class='ocr_carea' id='block_1_4' title="bbox 58 1664 793 2550">
    <p class='ocr_par' dir='ltr' id='par_1_13' title="bbox 58 1664 793 2550">
     <span class='ocr_line' id='line_1_30' title="bbox 142 1664 793 1717; baseline 0 -13"><span class='ocrx_word' id='word_1_202' title='bbox 142 1667 209 1715; x_wconf 78' lang='lat' dir='ltr'><strong>Quare</strong></span> <span class='ocrx_word' id='word_1_203' title='bbox 220 1664 281 1704; x_wconf 88' lang='lat' dir='ltr'><strong>etiam</strong></span> <span class='ocrx_word' id='word_1_204' title='bbox 292 1668 352 1715; x_wconf 87' lang='lat' dir='ltr'><strong>atque</strong></span> <span class='ocrx_word' id='word_1_205' title='bbox 360 1665 421 1703; x_wconf 86' lang='lat' dir='ltr'><strong>etiam</strong></span> <span class='ocrx_word' id='word_1_206' title='bbox 431 1677 494 1714; x_wconf 87' lang='lat' dir='ltr'><strong>neque</strong></span> <span class='ocrx_word' id='word_1_207' title='bbox 504 1664 587 1717; x_wconf 88' lang='lat' dir='ltr'><strong>originis</strong></span> <span class='ocrx_word' id='word_1_208' title='bbox 597 1677 639 1704; x_wconf 85' lang='lat' dir='ltr'><strong>csse</strong></span> <span class='ocrx_word' id='word_1_209' title='bbox 647 1665 755 1715; x_wconf 82' lang='lat' dir='ltr'><strong>putendum</strong></span> <span class='ocrx_word' id='word_1_210' title='bbox 763 1668 793 1705; x_wconf 87' lang='lat' dir='ltr'><strong>est</strong></span> 
     </span>
     <span class='ocr_line' id='line_1_31' title="bbox 141 1715 689 1767; baseline -0.002 -12"><span class='ocrx_word' id='word_1_211' title='bbox 141 1717 244 1767; x_wconf 74' lang='lat' dir='ltr'><strong>Enipei-teis</strong></span> <span class='ocrx_word' id='word_1_212' title='bbox 254 1715 427 1764; x_wconf 69' lang='lat' dir='ltr'><strong>anirnas‚³nec.leti</strong></span> <span class='ocrx_word' id='word_1_213' title='bbox 438 1717 484 1766; x_wconf 85' lang='lat' dir='ltr'><strong>lege</strong></span> <span class='ocrx_word' id='word_1_214' title='bbox 497 1718 576 1754; x_wconf 87' lang='lat' dir='ltr'><strong>solutas.</strong></span> <span class='ocrx_word' id='word_1_215' title='bbox 687 1760 689 1764; x_wconf 18' lang='grc' dir='ltr'><em>Α</em></span> 
     </span>
     <span class='ocr_line' id='line_1_32' title="bbox 141 1767 718 1818; baseline 0.003 -11"><span class='ocrx_word' id='word_1_216' title='bbox 141 1769 194 1807; x_wconf 79' lang='lat' dir='ltr'><strong>Nam</strong></span> <span class='ocrx_word' id='word_1_217' title='bbox 203 1781 266 1817; x_wconf 89' lang='lat' dir='ltr'><strong>neque</strong></span> <span class='ocrx_word' id='word_1_218' title='bbox 276 1771 378 1818; x_wconf 83' lang='lat' dir='ltr'><strong>tantopere</strong></span> <span class='ocrx_word' id='word_1_219' title='bbox 388 1769 466 1806; x_wconf 81' lang='lat' dir='ltr'><strong>annecti</strong></span> <span class='ocrx_word' id='word_1_220' title='bbox 474 1767 679 1817; x_wconf 83' lang='lat' dir='ltr'><strong>potuisse-putandum</strong></span> <span class='ocrx_word' id='word_1_221' title='bbox 688 1771 718 1809; x_wconf 82' lang='lat' dir='ltr'><strong>est</strong></span> 
     </span>
     <span class='ocr_line' id='line_1_33' title="bbox 142 1819 639 1870; baseline -0.004 -10"><span class='ocrx_word' id='word_1_222' title='bbox 142 1819 263 1870; x_wconf 78' lang='lat' dir='ltr'><strong>Corporibus</strong></span> <span class='ocrx_word' id='word_1_223' title='bbox 273 1819 361 1868; x_wconf 81' lang='lat' dir='ltr'><strong>nostreis,</strong></span> <span class='ocrx_word' id='word_1_224' title='bbox 371 1820 493 1859; x_wconf 81' lang='lat' dir='ltr'><strong>extrinsecus</strong></span> <span class='ocrx_word' id='word_1_225' title='bbox 502 1819 623 1867; x_wconf 81' lang='lat' dir='ltr'><strong>insinuatas3</strong></span> <span class='ocrx_word' id='word_1_226' title='bbox 637 1820 639 1827; x_wconf 90' lang='lat'>&#39;</span> 
     </span>
     <span class='ocr_line' id='line_1_34' title="bbox 58 1871 715 1922; baseline 0.003 -14"><span class='ocrx_word' id='word_1_227' title='bbox 58 1904 63 1908; x_wconf 84' lang='grc'><strong><em>,</em></strong></span> <span class='ocrx_word' id='word_1_228' title='bbox 90 1872 130 1915; x_wconf 73' lang='lat' dir='ltr'><strong>oab</strong></span> <span class='ocrx_word' id='word_1_229' title='bbox 144 1872 214 1922; x_wconf 82' lang='lat' dir='ltr'><strong>(Quod</strong></span> <span class='ocrx_word' id='word_1_230' title='bbox 223 1871 268 1911; x_wconf 87' lang='lat' dir='ltr'><strong>fieri</strong></span> <span class='ocrx_word' id='word_1_231' title='bbox 278 1875 341 1911; x_wconf 90' lang='lat' dir='ltr'><strong>totum</strong></span> <span class='ocrx_word' id='word_1_232' title='bbox 354 1877 424 1912; x_wconf 83' lang='lat' dir='ltr'><strong>contra</strong></span> <span class='ocrx_word' id='word_1_233' title='bbox 432 1873 535 1911; x_wconf 79' lang='lat' dir='ltr'><strong>manifesta</strong></span> <span class='ocrx_word' id='word_1_234' title='bbox 546 1873 602 1911; x_wconf 85' lang='lat' dir='ltr'><strong>docet</strong></span> <span class='ocrx_word' id='word_1_235' title='bbox 611 1884 655 1911; x_wconf 82' lang='lat' dir='ltr'><strong>res:</strong></span> <span class='ocrx_word' id='word_1_236' title='bbox 713 1908 715 1911; x_wconf 81' lang='grc'>,</span> 
     </span>
     <span class='ocr_line' id='line_1_35' title="bbox 123 1924 715 1975; baseline -0.003 -10"><span class='ocrx_word' id='word_1_237' title='bbox 123 1938 131 1943; x_wconf 77' lang='lat'><strong>·</strong></span> <span class='ocrx_word' id='word_1_238' title='bbox 141 1925 231 1974; x_wconf 82' lang='lat' dir='ltr'><strong>Namque</strong></span> <span class='ocrx_word' id='word_1_239' title='bbox 241 1924 270 1963; x_wconf 86' lang='lat' dir='ltr'><strong>ita</strong></span> <span class='ocrx_word' id='word_1_240' title='bbox 281 1937 368 1964; x_wconf 81' lang='lat' dir='ltr'><strong>connexe</strong></span> <span class='ocrx_word' id='word_1_241' title='bbox 378 1929 407 1964; x_wconf 91' lang='lat' dir='ltr'><strong>est</strong></span> <span class='ocrx_word' id='word_1_242' title='bbox 416 1937 526 1975; x_wconf 69' lang='lat' dir='ltr'><strong>pervenis,</strong></span> <span class='ocrx_word' id='word_1_243' title='bbox 544 1925 626 1973; x_wconf 84' lang='lat' dir='ltr'><strong>viscera,</strong></span> <span class='ocrx_word' id='word_1_244' title='bbox 638 1935 715 1971; x_wconf 77' lang='lat' dir='ltr'><strong>nervos,</strong></span> 
     </span>
     <span class='ocr_line' id='line_1_36' title="bbox 141 1975 675 2027; baseline -0.004 -12"><span class='ocrx_word' id='word_1_245' title='bbox 141 1978 236 2026; x_wconf 80' lang='lat' dir='ltr'><strong>Ossaque,</strong></span> <span class='ocrx_word' id='word_1_246' title='bbox 249 1976 279 2015; x_wconf 90' lang='lat' dir='ltr'><strong>uti</strong></span> <span class='ocrx_word' id='word_1_247' title='bbox 289 1977 356 2016; x_wconf 90' lang='lat' dir='ltr'><strong>dentes</strong></span> <span class='ocrx_word' id='word_1_248' title='bbox 367 1990 445 2027; x_wconf 85' lang='lat' dir='ltr'><strong>quoque</strong></span> <span class='ocrx_word' id='word_1_249' title='bbox 455 1990 511 2015; x_wconf 89' lang='lat' dir='ltr'><strong>sensu</strong></span> <span class='ocrx_word' id='word_1_250' title='bbox 519 1975 675 2026; x_wconf 76' lang='lat' dir='ltr'><strong>participentnr3</strong></span> 
     </span>
     <span class='ocr_line' id='line_1_37' title="bbox 140 2028 644 2080; baseline -0.004 -13"><span class='ocrx_word' id='word_1_251' title='bbox 140 2029 223 2067; x_wconf 82' lang='lat' dir='ltr'><strong>Morbus</strong></span> <span class='ocrx_word' id='word_1_252' title='bbox 234 2032 257 2067; x_wconf 91' lang='lat' dir='ltr'><strong>ut</strong></span> <span class='ocrx_word' id='word_1_253' title='bbox 268 2028 348 2076; x_wconf 87' lang='lat' dir='ltr'><strong>indicat,</strong></span> <span class='ocrx_word' id='word_1_254' title='bbox 368 2033 388 2068; x_wconf 88' lang='lat' dir='ltr'><strong>et</strong></span> <span class='ocrx_word' id='word_1_255' title='bbox 396 2029 470 2080; x_wconf 82' lang='lat' dir='ltr'><strong>gelidai</strong></span> <span class='ocrx_word' id='word_1_256' title='bbox 481 2028 568 2079; x_wconf 88' lang='lat' dir='ltr'><strong>stringor</strong></span> <span class='ocrx_word' id='word_1_257' title='bbox 579 2028 644 2076; x_wconf 84' lang='lat' dir='ltr'><strong>aquai,</strong></span> 
     </span>
     <span class='ocr_line' id='line_1_38' title="bbox 144 2079 697 2132; baseline -0.007 -12"><span class='ocrx_word' id='word_1_258' title='bbox 144 2081 173 2120; x_wconf 86' lang='lat' dir='ltr'><strong>Et</strong></span> <span class='ocrx_word' id='word_1_259' title='bbox 184 2079 235 2130; x_wconf 89' lang='lat' dir='ltr'><strong>lapis</strong></span> <span class='ocrx_word' id='word_1_260' title='bbox 246 2092 349 2130; x_wconf 89' lang='lat' dir='ltr'><strong>oppressus</strong></span> <span class='ocrx_word' id='word_1_261' title='bbox 357 2081 426 2119; x_wconf 89' lang='lat' dir='ltr'><strong>subitis</strong></span> <span class='ocrx_word' id='word_1_262' title='bbox 436 2095 447 2120; x_wconf 91' lang='lat' dir='ltr'><strong>e</strong></span> <span class='ocrx_word' id='word_1_263' title='bbox 458 2080 551 2132; x_wconf 80' lang='lat' dir='ltr'><strong>frugibus</strong></span> <span class='ocrx_word' id='word_1_264' title='bbox 562 2091 620 2128; x_wconf 80' lang='lat' dir='ltr'><strong>asper</strong></span> <span class='ocrx_word' id='word_1_265' title='bbox 627 2080 644 2129; x_wconf 75' lang='grc' dir='ltr'><strong>ς)</strong></span> <span class='ocrx_word' id='word_1_266' title='bbox 695 2096 697 2099; x_wconf 35' lang='lat' dir='ltr'>v</span> 
     </span>
     <span class='ocr_line' id='line_1_39' title="bbox 91 2131 652 2182; baseline -0.007 -8"><span class='ocrx_word' id='word_1_267' title='bbox 91 2131 131 2174; x_wconf 76' lang='lat'><strong>695</strong></span> <span class='ocrx_word' id='word_1_268' title='bbox 142 2133 190 2179; x_wconf 81' lang='lat' dir='ltr'><strong>Nec,</strong></span> <span class='ocrx_word' id='word_1_269' title='bbox 204 2137 245 2171; x_wconf 82' lang='lat' dir='ltr'><strong>tam</strong></span> <span class='ocrx_word' id='word_1_270' title='bbox 254 2135 355 2176; x_wconf 78' lang='lat' dir='ltr'><strong>contextae</strong></span> <span class='ocrx_word' id='word_1_271' title='bbox 366 2145 426 2182; x_wconf 88' lang='lat' dir='ltr'><strong>quom</strong></span> <span class='ocrx_word' id='word_1_272' title='bbox 438 2133 485 2181; x_wconf 83' lang='lat' dir='ltr'><strong>sint,</strong></span> <span class='ocrx_word' id='word_1_273' title='bbox 498 2131 652 2170; x_wconf 69' lang='lat' dir='ltr'><strong>exire-noemin</strong></span> 
     </span>
     <span class='ocr_line' id='line_1_40' title="bbox 141 2184 632 2235; baseline -0.002 -13"><span class='ocrx_word' id='word_1_274' title='bbox 141 2185 252 2223; x_wconf 88' lang='lat' dir='ltr'><strong>Incolumes</strong></span> <span class='ocrx_word' id='word_1_275' title='bbox 263 2196 325 2235; x_wconf 84' lang='lat' dir='ltr'><strong>posse,</strong></span> <span class='ocrx_word' id='word_1_276' title='bbox 339 2187 359 2222; x_wconf 87' lang='lat' dir='ltr'><strong>et</strong></span> <span class='ocrx_word' id='word_1_277' title='bbox 367 2185 432 2223; x_wconf 84' lang='lat' dir='ltr'><strong>salvas</strong></span> <span class='ocrx_word' id='word_1_278' title='bbox 443 2184 545 2222; x_wconf 82' lang='lat' dir='ltr'><strong>exsolvere</strong></span> <span class='ocrx_word' id='word_1_279' title='bbox 553 2196 595 2222; x_wconf 89' lang='lat' dir='ltr'><strong>sese</strong></span> <span class='ocrx_word' id='word_1_280' title='bbox 630 2188 632 2192; x_wconf 88' lang='lat'>&#39;</span> 
     </span>
     <span class='ocr_line' id='line_1_41' title="bbox 144 2235 676 2287; baseline -0.008 -10"><span class='ocrx_word' id='word_1_281' title='bbox 144 2236 238 2277; x_wconf 86' lang='lat' dir='ltr'><strong>Omnibus</strong></span> <span class='ocrx_word' id='word_1_282' title='bbox 251 2236 338 2275; x_wconf 76' lang='lat' dir='ltr'><strong>eneruis</strong></span> <span class='ocrx_word' id='word_1_283' title='bbox 349 2241 408 2287; x_wconf 80' lang='lat' dir='ltr'><strong>etque</strong></span> <span class='ocrx_word' id='word_1_284' title='bbox 419 2236 494 2276; x_wconf 90' lang='lat' dir='ltr'><strong>ossibus</strong></span> <span class='ocrx_word' id='word_1_285' title='bbox 504 2235 637 2285; x_wconf 83' lang='lat' dir='ltr'><strong>articulisque.</strong></span> <span class='ocrx_word' id='word_1_286' title='bbox 674 2266 676 2271; x_wconf 73' lang='grc'>,</span> 
     </span>
     <span class='ocr_line' id='line_1_42' title="bbox 169 2287 651 2338; baseline -0.002 -12"><span class='ocrx_word' id='word_1_287' title='bbox 169 2288 227 2336; x_wconf 79' lang='lat' dir='ltr'><strong>Quod</strong></span> <span class='ocrx_word' id='word_1_288' title='bbox 239 2288 256 2327; x_wconf 89' lang='lat' dir='ltr'><strong>si</strong></span> <span class='ocrx_word' id='word_1_289' title='bbox 264 2289 316 2327; x_wconf 81' lang='lat' dir='ltr'><strong>forte</strong></span> <span class='ocrx_word' id='word_1_290' title='bbox 325 2292 389 2338; x_wconf 84' lang='lat' dir='ltr'><strong>putas,</strong></span> <span class='ocrx_word' id='word_1_291' title='bbox 403 2289 522 2328; x_wconf 82' lang='lat' dir='ltr'><strong>extrinsecus</strong></span> <span class='ocrx_word' id='word_1_292' title='bbox 532 2287 651 2326; x_wconf 87' lang='lat' dir='ltr'><strong>insinuatam</strong></span> 
     </span>
     <span class='ocr_line' id='line_1_43' title="bbox 99 2336 667 2391; baseline -0.002 -12"><span class='ocrx_word' id='word_1_293' title='bbox 99 2345 104 2353; x_wconf 79' lang='lat'><em>&#39;</em></span> <span class='ocrx_word' id='word_1_294' title='bbox 142 2336 357 2381; x_wconf 71' lang='lat' dir='ltr'><strong>Permanereanimam</strong></span> <span class='ocrx_word' id='word_1_295' title='bbox 368 2342 424 2381; x_wconf 90' lang='lat' dir='ltr'><strong>nobis</strong></span> <span class='ocrx_word' id='word_1_296' title='bbox 435 2355 470 2391; x_wconf 92' lang='lat' dir='ltr'><strong>per</strong></span> <span class='ocrx_word' id='word_1_297' title='bbox 477 2340 567 2380; x_wconf 85' lang='lat' dir='ltr'><strong>membra</strong></span> <span class='ocrx_word' id='word_1_298' title='bbox 576 2342 650 2386; x_wconf 80' lang='lat' dir='ltr'><strong>solere3</strong></span> <span class='ocrx_word' id='word_1_299' title='bbox 664 2373 667 2378; x_wconf 95' lang='grc'><em>,</em></span> 
     </span>
     <span class='ocr_line' id='line_1_44' title="bbox 91 2389 694 2443; baseline -0.003 -12"><span class='ocrx_word' id='word_1_300' title='bbox 91 2390 131 2432; x_wconf 74' lang='grc'><strong>700</strong></span> <span class='ocrx_word' id='word_1_301' title='bbox 143 2392 210 2430; x_wconf 92' lang='lat' dir='ltr'><strong>Tanto</strong></span> <span class='ocrx_word' id='word_1_302' title='bbox 223 2391 307 2441; x_wconf 86' lang='lat' dir='ltr'><strong>quoique</strong></span> <span class='ocrx_word' id='word_1_303' title='bbox 319 2394 390 2443; x_wconf 81' lang='lat' dir='ltr'><strong>magis,</strong></span> <span class='ocrx_word' id='word_1_304' title='bbox 404 2408 449 2432; x_wconf 85' lang='lat' dir='ltr'><strong>enm</strong></span> <span class='ocrx_word' id='word_1_305' title='bbox 460 2405 541 2443; x_wconf 87' lang='lat' dir='ltr'><strong>corpore</strong></span> <span class='ocrx_word' id='word_1_306' title='bbox 550 2392 602 2440; x_wconf 79' lang='lat' dir='ltr'><strong>tuso,</strong></span> <span class='ocrx_word' id='word_1_307' title='bbox 616 2389 694 2442; x_wconf 87' lang='lat' dir='ltr'><strong>peribit.</strong></span> 
     </span>
     <span class='ocr_line' id='line_1_45' title="bbox 142 2443 661 2495; baseline 0.004 -13"><span class='ocrx_word' id='word_1_308' title='bbox 142 2445 200 2492; x_wconf 81' lang='lat' dir='ltr'><strong>Quod</strong></span> <span class='ocrx_word' id='word_1_309' title='bbox 208 2445 379 2495; x_wconf 82' lang='lat' dir='ltr'><strong>permanatenim,</strong></span> <span class='ocrx_word' id='word_1_310' title='bbox 388 2443 516 2485; x_wconf 60' lang='lat' dir='ltr'><strong>dissolvitur}</strong></span> <span class='ocrx_word' id='word_1_311' title='bbox 527 2444 593 2489; x_wconf 87' lang='lat' dir='ltr'><strong>interit</strong></span> <span class='ocrx_word' id='word_1_312' title='bbox 606 2456 661 2495; x_wconf 84' lang='lat' dir='ltr'><strong>ergo.</strong></span> 
     </span>
     <span class='ocr_line' id='line_1_46' title="bbox 142 2496 648 2550; baseline -0.004 -14"><span class='ocrx_word' id='word_1_313' title='bbox 142 2496 252 2547; x_wconf 80' lang='lat' dir='ltr'><strong>Dispertite</strong></span> <span class='ocrx_word' id='word_1_314' title='bbox 263 2508 311 2548; x_wconf 82' lang='lat' dir='ltr'><strong>ergo</strong></span> <span class='ocrx_word' id='word_1_315' title='bbox 321 2508 357 2548; x_wconf 85' lang='lat' dir='ltr'><strong>per</strong></span> <span class='ocrx_word' id='word_1_316' title='bbox 369 2500 437 2550; x_wconf 80' lang='lat' dir='ltr'><strong>caulas</strong></span> <span class='ocrx_word' id='word_1_317' title='bbox 446 2497 535 2549; x_wconf 81' lang='lat' dir='ltr'><strong>corporis</strong></span> <span class='ocrx_word' id='word_1_318' title='bbox 547 2496 629 2544; x_wconf 78' lang='lat' dir='ltr'><strong>omneis,</strong></span> <span class='ocrx_word' id='word_1_319' title='bbox 647 2525 648 2528; x_wconf 19' lang='grc' dir='ltr'>η</span> 
     </span>
    </p>
   </div>
   <div class='ocr_carea' id='block_1_5' title="bbox 0 0 855 2654">
    <p class='ocr_par' dir='ltr' id='par_1_14' title="bbox 0 0 855 2654">
     <span class='ocr_line' id='line_1_47' title="bbox 0 0 855 2654; baseline 0 0"><span class='ocrx_word' id='word_1_320' title='bbox 0 0 855 2654; x_wconf 95' lang='lat' dir='ltr'><strong> </strong></span> 
     </span>
    </p>
   </div>
  </div>
 </body>
</html>
