1690 2654
231 116 272 157 AD
289 111 425 154 LIBRUM
441 111 606 163 QUINTUIII.
732 112 780 157 Μ

64 222 184 269 exhibeant;
205 237 246 275 qua
261 230 333 262 tamen
349 223 370 261 in
385 235 409 260 re
426 228 483 260 errat
497 221 530 259 vir
545 221 683 263 doctissimus.
704 223 778 272 [Conf.

62 282 148 326 praeter
158 275 209 314 alios
216 276 293 314 Hirtius
303 277 326 313 in
332 274 458 313 Bilderhuch
467 274 504 311 fiir
512 274 598 322 Mythol.
612 281 650 312 etc.
661 278 684 313 II.
694 289 713 325 p.
722 274 778 325 146.)

63 330 92 366 De
103 327 180 365 veriori
192 335 262 366 autem
273 328 377 378 scriptura
388 332 494 366 Pennatus
504 326 560 364 conf.
573 326 671 371 Quinctii¹
682 330 731 366 Inst.
744 332 778 370 Or,

62 382 81 428 Ι,
94 379 114 419 4.
125 393 146 429 p.
157 377 202 429 43„
216 380 324 426 aNobbio,
336 379 423 431 ‘Collega
434 377 614 424 coniunctissimo,
627 378 730 430 laudatus,
743 381 778 431 qui

62 431 213 468 huncLucretii
224 432 295 469 iocum
304 445 323 469 v.
331 433 370 471 735
382 453 406 459 —
417 429 461 470 746.
474 431 555 479 recepit
565 431 586 466 in
593 433 709 481 Syntagma¹
716 446 778 471 suum

61 482 159 520 Iocorum
170 482 264 532 parallel.
275 489 315 520 etc.
326 496 345 532 p.
357 484 401 522 133.
416 503 440 511 -
454 483 568 534 zephysus]
584 483 647 533 Lugd.
658 487 676 523 1.
685 486 703 524 2.
715 485 776 524 vind.

61 535 110 573 Brit.
122 536 141 573 2.
152 535 171 572 3.
190 535 250 571 Cant.
263 534 316 571 Brix.
328 536 375 571 Ver.
386 535 437 573 Ven.
454 537 555 585 Zephyri;
576 536 709 583 quareWak.
723 537 777 576 coni.

62 589 118 624 antis
127 589 232 624 Pennatus
240 588 336 638 grctditur
343 588 436 637 Zephyri,
450 585 464 622 i·
475 598 492 625 e.
505 589 559 631 ardo,
574 585 607 623 vei
616 591 716 626 exercitus
727 602 778 638 pen-

58 643 122 673 natus
133 636 232 686 Zephyri,
247 637 304 687 quod
321 638 412 687 probare
427 650 470 673 non
484 650 575 687 possum.
604 640 712 688 Ceterum,
729 653 777 678 sua-

62 688 124 725 dente
138 688 204 740 Preig.
217 695 237 727 et
247 695 361 739 praeeunte
371 688 443 737 wau,
457 702 506 727 cum
517 690 577 727 Cant.
588 690 697 741 vulgarem
709 693 777 730 inter-

61 740 196 791 punctionem
206 747 253 790 post
266 752 348 794 propter
357 740 484 777 sustulimus.

113 792 158 830 738.
182 791 344 844 praespargens]
359 804 412 829 unus
424 791 483 832 Vind.
493 807 648 845 praespargens,
662 794 679 831 si
690 794 777 833 collato-

61 842 80 881 ri
91 842 142 901 fides
154 842 227 881 haberi
241 850 316 894 potest.
344 843 403 884 Wak.
413 843 468 881 coni.
476 850 625 897 perspargens
644 854 729 896 praeter
739 860 776 885 ne-

62 902 186 933 cessitatem.
302 899 306 903 ⁴

112 959 158 999 741.
185 961 327 997 Puluerulenta
340 960 408 1008 Ceres]
423 959 452 996 sic
461 958 530 1005 Wak.‚
542 971 612 1009 neque
623 959 684 997 aliter
695 960 776 1008 Atd.1.;

61 1011 123 1061 vulgo
136 1012 281 1049 Puluerulenta
291 1015 354 1049 Ceres.
368 1010 428 1049 Vind.
439 1013 558 1049 Polluerunt
568 1026 629 1057 acres¹
644 1013 704 1049 Poor.
717 1014 776 1050 Cant.

2 1076 9 1096 .’
60 1063 114 1102 Rriit.
125 1064 173 1103 Ver.
185 1064 236 1100 Ven.
248 1064 367 1101 Potuerunt
384 1078 463 1109 aceres,
483 1063 559 1099 ssrit.t.
573 1065 665 1101 Puluerit
681 1079 776 1113 acerras,
804 1072 807 1078 '

2 1115 5 1120 ’
60 1114 113 1153 Brit.
122 1115 141 1153 3·
155 1117 276 1154 Puluerreat
287 1129 349 1154 acres.
362 1135 387 1142 —-
402 1125 421 1153 et
432 1114 490 1150 abest
501 1127 513 1150 a
522 1112 582 1150 Vind.
593 1115 653 1151 Poor.
666 1116 716 1152 Brit.
728 1118 746 1154 1.
756 1118 776 1156 2,

60 1167 83 1213 3.
94 1167 153 1206 Cant.
170 1166 222 1204 Brix.
238 1167 285 1204 Ver.
298 1166 360 1214 Vsa„
375 1165 442 1216 quod,
456 1172 555 1216 sequente
570 1178 622 1202 voce
636 1170 720 1213 mesia,
733 1180 779 1205 non

1 1240 2 1243 =
60 1217 145 1256 mirum.
157 1237 183 1246 -
196 1219 256 1255 Hunc
266 1229 351 1255 versum
367 1217 489 1266 respiciens,
505 1217 578 1253 Isidor.
592 1217 660 1268 Origg.
670 1220 730 1264 XIII,
744 1221 775 1259 11.

60 1268 143 1306 scribit:
159 1272 260 1317 „Etesiae
269 1275 341 1306 autem
347 1270 418 1320 flabra
428 1269 539 1319 Aquilonis
546 1273 599 1314 sunt,
614 1269 688 1318 quihus
698 1282 775 1307 nomen

60 1320 149 1357 inditum
160 1326 202 1366 est,
217 1320 273 1370 quod
282 1331 336 1358 certo
348 1323 397 1357 anni
412 1330 500 1370 tempore
510 1319 573 1355 flatus
590 1330 652 1369 agere
663 1320 774 1369 incipiunt.

55 1367 117 1417 ’Ἔτος
132 1371 173 1420 (sic
183 1373 243 1410 Wak.
259 1371 357 1409 emendat
374 1371 477 1407 librorum
492 1367 599 1418 taunasis)
618 1370 673 1408 enim
692 1372 774 1410 Graece

60 1435 125 1460 annus
135 1423 235 1461 dicitur.“

112 1487 136 1523 V.
145 1484 191 1525 744.
216 1486 273 1524 idem
288 1486 379 1524 Isidorus
390 1486 403 1524 I.
416 1499 433 1522 c.
444 1484 521 1522 iaudat.
536 1505 562 1513 -
573 1483 678 1532 fulmine]
695 1486 743 1526 Brit.
754 1489 772 1525 1.

56 1537 159 1589 fulmina,
174 1540 221 1577 Ver.
234 1540 284 1576 Ven.
295 1539 383 1590 fulmen.
411 1537 459 1573 Pius
476 1536 530 1573 coni.
542 1539 641 1587 flamine,
654 1549 773 1588 perperam.

4 1633 5 1637 Ἰ
60 1589 171 1640 Vulgatam
186 1589 260 1627 isidori
271 1601 354 1641 quoque
365 1588 477 1625 auctoritas
487 1593 564 1626 tuetur.

111 1651 156 1693 746.
182 1654 272 1704 Reddit]
292 1653 352 1692 vind.
365 1652 413 1689 Brit.
423 1654 442 1692 3.
457 1655 528 1691 Recta.
541 1672 567 1681 -
581 1652 695 1705 crepitans]
711 1651 773 1692 vind.

60 1703 109 1750 Brit.
119 1706 137 1743 3.
150 1706 206 1742 Cant.
218 1707 266 1744 Ver.
276 1707 328 1743 Ven.
339 1708 454 1747 creditam,-
472 1717 484 1741 a
495 1704 543 1741 Brit.
553 1707 571 1742 1.
581 1716 620 1740 vox
632 1704 696 1740 abest.
709 1726 736 1735 -μ
749 1720 774 1744 aa

61 1756 165 1802 dentibus]
183 1756 240 1795 Bodl.
253 1756 315 1794 Vind.
326 1758 385 1794 Poor.
397 1756 447 1793 Brit.
460 1756 478 1794 1.
489 1757 508 1795 2.
521 1757 540 1794 3.
554 1756 611 1795 Cant.
621 1755 673 1793 Brix.
685 1759 774 1795 accenti-

61 1807 106 1853 aas,
121 1808 169 1845 Ver.
180 1808 232 1845 Ven.
244 1810 349 1847 accentibi.
364 1829 389 1835 —
402 1807 471 1860 Aiga]
485 1807 515 1845 sic
528 1806 587 1846 Wak.
601 1806 678 1853 edidit,
693 1808 742 1857 quia
751 1807 773 1844 in

60 1858 120 1893 Bodl.
134 1858 194 1896 Vind.
211 1861 271 1896 Poor.
290 1859 339 1897 Brit.
351 1861 368 1898 1.
381 1859 430 1898 23.
445 1859 501 1894 Cant.
518 1858 570 1895 Brix.
586 1859 634 1894 Ver.
651 1858 702 1898 Veri.
719 1861 773 1895 Iunt.

61 1907 105 1945 ild.
115 1911 134 1948 Ξ.
144 1910 226 1961 iegatur
235 1913 286 1963 aigi,
298 1912 321 1948 in
333 1910 389 1960 quod
399 1912 461 1961 Aiga,
475 1909 569 1957 inprimis
581 1910 607 1946 ob
617 1908 725 1946 raritatem
737 1922 773 1945 vo-

61 1958 96 2003 cis,
109 1960 171 1998 facile
181 1962 239 1999 abire
250 1962 352 2011 potuerit3
367 1973 441 2012 quem,
457 1973 522 2011 quum
533 1959 577 1998 ΑΜ.
589 1963 605 2000 I.
618 1966 638 1997 ct
651 1963 699 2000 Bon.
709 1960 773 1998 lectio

16 2028 17 2031 ¹
61 2012 115 2061 aigin
128 2018 150 2048 et
162 2012 206 2061 ipsa
216 2013 298 2051 facilius
311 2026 335 2052 ex
346 2015 406 2063 algu,
425 2024 488 2063 quam
501 2024 526 2049 ex
537 2013 596 2064 algas
613 2011 663 2049 oriri
674 2011 772 2061 potuerit,

62 2067 82 2098 et
93 2062 156 2111 Sosip.
167 2064 243 2104 Charis.
255 2067 272 2103 Ι,
283 2079 303 2115 p.
314 2067 347 2105 23.
364 2065 439 2100 diserte
450 2064 543 2100 formam
553 2067 590 2101 hac
602 2065 652 2114 (eiga
662 2064 717 2100 inter
727 2076 774 2101 mo-

60 2119 147 2162 noptota
156 2124 315 2164 commemoret,
329 2128 378 2154 cum
386 2115 461 2154 Eichst.
473 2116 518 2165 (qui
528 2121 606 2160 tamen,
620 2114 659 2151 sibi
669 2128 712 2151 non
723 2129 774 2152 con-

60 2169 128 2212 stans,
146 2165 168 2202 in
177 2167 247 2205 Indice
257 2174 339 2206 tantum
349 2167 441 2204 formam
452 2169 519 2217 elisus
529 2172 621 2203 statuere
633 2165 725 2215 videtur)
738 2179 773 2203 se-

61 2221 136 2263 quutus
146 2230 198 2255 sum.
213 2221 285 2267 (Conf.
297 2221 361 2258 etiam
373 2219 399 2255 ad
411 2221 444 2264 III,
454 2219 499 2256 732.
511 2224 531 2254 et
542 2216 637 2255 Schneid.
650 2217 687 2255 Gr.
693 2218 771 2255 Latii.

60 2278 80 2314 p.
90 2265 145 2317 342.)
159 2270 252 2307 Ncbbius
262 2278 345 2318 tamen,
359 2270 384 2308 de
395 2270 437 2307 hoc
448 2274 572 2319 monoptota
585 2268 687 2316 dubitans,
700 2269 773 2319 vulga-

60 2322 102 2354 tam
113 2321 179 2371 Algas
191 2321 284 2360 retinuit.

111 2380 155 2422 749.
177 2388 228 2434 fieri
241 2386 333 2438 possint]
348 2385 414 2437 Lugd.
426 2387 443 2425 1.
456 2383 514 2425 sodi,
527 2386 577 2437 sieri
588 2387 679 2438 possint,
692 2382 739 2421 Brit.
750 2382 770 2422 Ξ.

61 2431 154 2488 3.,(33111.
164 2437 211 2475 Ver.
224 2438 274 2476 Ven.
284 2441 337 2486 flere
349 2442 439 2489 possint,
454 2438 502 2475 Brit.
514 2439 531 2476 1.
541 2436 594 2475 Brix.
606 2439 672 2488 fluere
683 2436 770 2488 possint,

61 2481 91 2519 ru
101 2484 163 2525 ends.
175 2488 236 2528 Poor.
245 2494 266 2526 et
278 2490 337 2526 Cant.
347 2491 369 2527 in
378 2488 473 2540 margine
478 2492 555 2541 florere
566 2499 647 2541 queant.
