1690 2654
70 19 106 77 11
235 32 468 82 1111111111
483 10 568 85 mam
584 36 614 84 u.
646 95 654 106 p
685 42 688 45 ·
719 1 723 8 ’

250 173 374 215 araur
400 160 604 232 sucunnr.

123 249 247 291 aestuatum
259 251 403 304 philosophiae,
422 267 472 305 quae
484 254 525 293 sola
536 253 596 293 leniat
608 265 676 303 curas,
695 254 786 294 animum-

72 316 109 354 que
119 305 170 358 metu
180 303 277 351 exsolvat,
295 311 397 356 postquam
406 307 513 345 Memmium
523 320 576 345 suum
585 311 644 357 poeta
662 308 690 356 [v.
702 310 785 357 1—60]

72 355 182 393 cohortatus
193 360 234 403 est3
254 357 279 393 de
289 362 399 405 atomorum,
413 372 448 397 seu
459 359 555 406 seminum,
570 359 705 397 affectionibus
719 359 785 410 dispu-

71 410 112 454 tat,
126 420 206 457 quarum
217 407 295 459 primam
305 410 325 448 in
334 414 387 448 motu
397 411 457 460 ponit.
484 411 562 449 llloreri
573 415 657 458 atomos,
672 409 786 462 perpetuum

70 458 208 498 incrementum
219 464 278 511 atque
288 461 421 500 detrimentum
430 475 493 501 rerum
504 463 568 513 arguit
579 463 606 512 [v.
616 465 677 503 61-
686 463 727 513 78].
740 463 786 501 hlo-

71 515 111 548 tum
129 515 193 550 autem
207 513 257 549 hunc
271 514 329 550 atomi
345 513 377 551 vel
392 512 554 565 suopteponden'
566 515 647 561 dehent,
667 515 700 553 vel
714 515 785 554 ictibus

72 562 157 602 aliarum.
184 564 212 605 Et
221 570 321 603 moventur
333 565 433 603 deorsum:
454 567 526 617 quippe
537 579 600 604 omnes
613 566 670 604 atomi
687 571 731 605 sunt
739 580 786 617 gra-

71 628 119 661 ves3
141 616 175 653 sed
184 629 241 666 quum
256 621 371 655 concurrunt
388 617 472 663 solidae,
487 630 567 656 necesse
583 620 613 655 est
623 631 698 668 quoquo
708 632 786 657 versum

72 668 97 705 ab
107 680 129 704 se
139 667 221 706 invicem
229 668 325 709 dissiliant
342 671 369 717 [r.
380 670 406 708 79
415 691 442 697 -
451 671 491 718 87]¹
520 669 576 715 Quod
585 682 596 707 e
605 674 674 707 natura
683 670 740 708 vacui
750 671 785 709 de-

72 717 189 757 monstratur
206 721 236 770 [vc
249 722 274 759 88
283 742 310 748 -
320 721 365 769 93].
399 721 499 766 Quaedam
514 720 575 770 igitur
591 721 649 759 atomi
663 719 785 773 implicantur

72 770 126 809 aliis:
149 784 199 821 quae
214 771 286 809 arctius
300 772 415 821 iunguntur,
436 785 468 810 res
485 772 542 810 duras
560 786 583 810 ac
601 773 671 811 densas
685 773 785 822 efficiunt;

72 835 122 873 quae
132 822 206 871 lanius,
219 837 251 861 res
262 823 328 861 molles
339 828 359 861 et
367 836 434 870 raras,
448 827 494 862 ae'ra
505 827 525 861 et
534 824 596 862 lumen
613 825 645 874 [v.
654 823 680 864 94
690 848 714 854 -
726 828 784 876 1071.

73 875 173 921 Quaedam
182 889 228 913 vero
239 875 297 913 atomi
305 888 400 926 nunquam
412 875 533 921 coalescunt,
547 876 592 923 sed,
606 876 635 914 uti
645 881 732 916 ramenta
741 878 785 929 pul-

53 928 54 931 ’
71 926 124 964 veris
133 927 219 965 ridemus
230 927 251 965 in
260 927 319 965 radiis
332 927 389 974 solis,
408 927 496 965 continuo
511 930 563 964 motu
574 941 609 977 per
619 928 676 966 inane
689 930 784 977 feruntur,

72 982 131 1028 atque
142 978 180 1016 alia
190 988 272 1030 corpora
281 978 362 1016 subinde
372 979 482 1029 percutiunt
493 981 513 1016 et
524 979 599 1028 agitant
615 981 642 1027 [v.
653 982 690 1020 108
697 1003 723 1009 -
730 980 784 1030 140].

70 1031 193 1078 Atomorum,
208 1031 296 1069 deorsum
305 1030 433 1077 tendentium,
450 1042 521 1068 summa
532 1030 620 1068 celeritas
629 1031 657 1069 ita
667 1032 784 1080 declaratur,

72 1085 94 1119 ut
107 1082 175 1120 solaris
186 1083 238 1120 lucis*
246 1096 282 1134 per
292 1079 349 1120 tanta
357 1083 406 1120 haec
422 1082 486 1132 spatia
495 1081 616 1120 velocissima
625 1083 726 1132 traiectio,
740 1088 784 1123 tan-

72 1146 129 1184 quam
139 1139 270 1184 argumentum
281 1148 293 1173 a
304 1134 372 1172 minori
381 1134 482 1171 inducatur
500 1135 530 1184 [v.
543 1133 683 1185 141-166].
709 1136 785 1175 Deinde

72 1189 132 1235 polita
146 1199 182 1237 per
197 1186 335 1236 digressionem
352 1199 384 1223 eos
399 1185 515 1232 insectatus,
537 1185 570 1236 qui
586 1199 610 1224 ex
629 1188 784 1238 corpusculorum

71 1237 152 1275 fortuita
161 1239 287 1276 concursione
298 1238 348 1275 hunc
358 1238 422 1275 mundi
431 1236 578 1287 pulcherrimum
588 1242 675 1276 ornatum
686 1253 729 1277 esse
739 1252 784 1290 per-

71 1289 154 1336 fectum,
174 1294 194 1327 et
205 1290 246 1327 sine
257 1290 322 1327 divina
335 1289 458 1340 providentia
468 1293 530 1326 ratum
543 1293 562 1326 et
573 1288 708 1329 immutabilem
720 1303 784 1329 rerum

72 1340 157 1379 ordinem
170 1342 281 1380 conservari
296 1345 368 1391 negant
382 1341 563 1389 [1.167-183],
583 1341 635 1378 redit
651 1342 675 1379 ad
695 1343 784 1393 superius

72 1396 212 1442 argumentum,
232 1393 351 1443 asseritque,
370 1397 442 1430 atomos
453 1392 502 1430 ferri
517 1391 609 1429 inlocum
624 1392 735 1432 inferiorem
752 1395 783 1443 [v.

72 1442 111 1483 184
119 1465 146 1472 —-
156 1447 221 1493 815];
241 1446 317 1483 easdem
328 1458 339 1482 a
350 1449 405 1482 recta
418 1444 469 1482 linea
482 1442 579 1481 declinare
596 1442 670 1482 minimo
682 1445 784 1483 intervallo

72 1495 105 1545 [v.
117 1497 158 1541 216¹
166 1518 194 1525 -
202 1496 262 1544 8811.
289 1496 394 1542 Quodnisi
405 1495 528 1541 declinarent,
543 1494 590 1532 nihil
601 1507 684 1545 unquam
694 1496 783 1543 oriretur,

72 1546 160 1597 quoniam
171 1548 261 1586 adhaesio
277 1548 329 1586 nulla
341 1551 361 1586 et
373 1547 477 1598 complexio
493 1546 554 1584 locum
565 1546 656 1593 haberet3
676 1548 724 1585 nihil
734 1548 784 1585 libe-

71 1611 113 1637 rum
124 1599 229 1636 hominibus
241 1604 303 1646 esset,
319 1612 376 1648 quum
386 1599 415 1646 ita
426 1602 535 1637 moveretur
547 1597 630 1644 annuus,
643 1600 666 1635 ut
679 1604 784 1638 atomorum

71 1653 124 1688 motu
142 1655 244 1700 cogeretur
261 1650 292 1700 [v.
303 1652 343 1690 888
352 1672 379 1677 -
388 1650 447 1699 871]Ι
479 1650 519 1686 Sed
534 1653 597 1687 motus
614 1648 647 1687 ille
664 1650 783 1689 voluntarius

72 1704 109 1748 est,
122 1701 220 1752 distatque
228 1702 306 1740 multum
318 1715 329 1739 a
343 1702 427 1750 adolente
440 1702 459 1739 et
469 1700 579 1738 necessario
591 1702 626 1748 [v.
637 1703 676 1740 878
686 1723 713 1730 -
723 1703 783 1750 8931

72 1752 169 1790 Feruntur
178 1754 259 1804 denique
271 1754 336 1791 eodem
348 1752 405 1790 atomi
415 1756 472 1798 motu,
487 1765 523 1802 quo
534 1752 558 1789 ab
570 1755 648 1789 aeterno
658 1753 783 1800 ferebantur3

71 1816 118 1851 nec,
132 1805 182 1854 quod
190 1817 336 1843 rerum‘summa
346 1804 385 1842 alta
400 1804 464 1854 quiete
474 1807 586 1854 torpescere
595 1803 695 1851 videatur,
708 1805 783 1843 idcirco

71 1855 170 1905 quisquam
179 1857 224 1894 huic
234 1857 318 1907 opinioni
329 1857 387 1894 dehet
399 1855 510 1894 adversari:
522 1867 622 1893 necessum
634 1855 683 1893 euim
694 1859 730 1902 est,
741 1868 783 1893 mo-

71 1909 102 1944 tus
116 1912 219 1945 atomorum
235 1909 287 1946 cerni
297 1911 404 1958 nequeant,
419 1920 475 1957 quum
487 1906 545 1943 atomi
558 1906 614 1956 ipsae
625 1919 663 1944 non
673 1907 783 1957 percipian-

71 1961 114 2005 tur,
127 1971 228 2009 rerumque
238 1960 306 2006 etiam,
321 1972 370 2009 quae
380 1959 415 1996 sub
427 1970 494 1996 sensus
504 1958 586 2004 cadunt,
605 1961 667 1995 motus
677 1961 762 1996 nostram
772 1971 783 1996 e

70 2009 173 2060 longinquo
184 2011 311 2060 spectantium
324 2011 384 2048 aciem
394 2023 453 2060 saepe
463 2009 528 2057 fngiat
539 2010 571 2056 [v.
582 2007 622 2047 894
630 2028 657 2036 -
667 2009 725 2058 332}
747 2010 782 2048 Al-

71 2064 114 2098 tera
129 2061 268 2100 individuorum
283 2061 437 2112 corpusculorum
453 2060 531 2097 affectio
547 2059 567 2096 in
580 2059 644 2108 figura
655 2060 740 2098 cernitur
754 2062 782 2109 [v.

71 2112 109 2156 333
119 2132 146 2140 —-
154 2112 213 2162 atq:
233 2127 270 2164 qua
280 2116 370 2164 quantum
381 2112 433 2149 inter
442 2124 463 2148 se
475 2110 576 2156 differant,
588 2123 620 2147 ‚ex
629 2123 651 2148 eo
660 2111 782 2162 intelligitur,

71 2163 122 2213 quod
132 2177 171 2210 res,
182 2166 275 2202 animatae
286 2164 360 2215 pariter
371 2168 430 2213 atque
437 2161 558 2207 inanimatae,
570 2162 697 2201 diversimode
707 2163 782 2213 figura-

70 2217 110 2261 tae,
123 2218 229 2263 naturaque
238 2229 274 2254 sua
284 2220 304 2254 et
312 2216 384 2254 effectu
395 2214 484 2253 diversae
496 2216 540 2251 sunt
551 2213 579 2261 [v.
590 2210 629 2253 348
638 2213 726 2263 -4851-
740 2215 782 2253 Ita-

70 2277 109 2316 que
122 2267 173 2316 quod
186 2266 235 2305 aliae
251 2270 295 2305 sunt
309 2268 401 2305 hamatae·
413 2271 433 2304 et
448 2277 529 2316 asperae
542 2264 611 2311 atomi,
631 2265 681 2304 aliae
695 2266 749 2304 leves
761 2270 782 2304 et

69 2318 164 2355 rotundae
175 2322 224 2363 etc,
237 2318 282 2357 inde
291 2319 435 2369 explicandum,
449 2330 498 2367 quae
508 2316 583 2364 figurae
595 2329 665 2363 amara,
679 2329 729 2367 quae
738 2317 781 2354 dul-

70 2367 112 2416 cia,
127 2382 176 2419 quae
186 2368 244 2415 dura,
259 2382 308 2419 quae
318 2369 381 2407 mollia
392 2381 474 2419 corpora
484 2369 597 2417 componant
613 2367 638 2417 [r.
651 2365 780 2419 486-476].

69 2418 113 2460 Nec
124 2433 171 2460 vero
183 2420 231 2459 haec
242 2420 346 2472 figurarum
356 2420 441 2474 varietas
451 2423 481 2459 est
492 2416 580 2466 infim'ta3
594 2419 708 2472 corpuscula
717 2421 780 2459 tamen
