1690 2654
364 43 470 87 nlnua
489 42 513 86 V.
753 42 800 88 125

159 155 215 197 Luna
226 156 296 207 potest,
309 156 356 196 solis
368 155 430 196 radiis
442 166 540 207 percussa,
554 154 629 204 nitcro3

133 208 248 262 lnqueudies
260 209 325 248 maius
338 211 406 248 lumen
418 209 605 248 converteremus

134 262 165 302 Aa
178 262 269 312 speeiem,
283 264 376 312 quantum
390 261 436 299 solis
449 260 522 299 secedit
533 261 559 299 ab
572 262 626 307 orbe,
760 255 801 298 795

132 314 202 353 Donec
213 327 260 352 eum
273 316 340 351 contra
352 314 412 362 pleno
425 313 474 350 bene
486 312 561 350 lumine
573 312 636 359 fulsit,
684 321 686 324 ·

132 366 197 414 Atque
211 365 275 404 oriens
289 365 355 403 obitus
368 364 410 402 eius
427 375 487 413 super
501 363 553 408 edita
565 362 625 402 vidit:
654 384 657 388 Δ
735 385 737 396 2

132 418 180 456 Inde
192 416 369 455 minutatimretro
383 414 441 465 qnasi
453 413 536 453 condere
548 414 615 452 lumen

131 469 195 508 Debet
207 468 261 512 item,
276 470 348 516 quanto
360 467 441 516 propius
453 466 495 505 iam
508 465 556 506 solis
569 467 594 504 ad
606 466 673 516 ignem

132 520 215 560 Labitur
228 532 253 558 er
265 520 306 558 alia
318 519 421 570 signorum
434 522 491 568 parte
504 530 540 568 per
550 518 633 557 orbem:
757 515 798 557 710

95 569 98 572 ”
132 572 160 610 [lt
172 571 254 619 faciunt,
267 572 335 610 lunam
347 571 392 621 quei
405 571 482 621 lingrmt
494 582 537 609 esse
548 569 598 620 pilai
725 575 729 579 '

134 624 268 671 Consimilem,
282 622 388 673 cursusque
400 623 454 662 viam
466 623 503 660 sub
516 623 557 661 sole
570 626 648 661 tenere:
733 666 735 668 ,

132 676 248 727 [Propterea
260 676 289 722 fit,
301 676 331 714 uti
343 676 446 714 videantur
457 674 522 713 dicere
534 675 620 725 verum]
667 695 670 700 ·

157 728 194 766 Est
203 727 263 771 etiam
278 740 338 777 quare
350 726 430 777 proprio
443 739 488 765 cum
499 726 576 765 lumine
587 726 648 775 possit

132 779 220 830 Volvier,
234 782 254 818 et
267 779 332 818 varias
344 778 451 829 splendoris
463 778 545 826 reddere
557 779 639 818 formas.
757 776 797 818 715

132 832 208 881 Corpus
221 832 272 871 enim
284 831 332 870 licet
344 844 386 871 esse
398 831 458 879 aliud,
472 831 524 881 quod
533 831 597 868 fertur
612 834 632 869 et
644 841 684 871 uua
731 877 733 881 y

130 881 219 932 Labitur,
233 883 350 923 omnirnodis
363 895 468 922 occursans
480 882 614 933 officiumne,

130 935 171 977 Nec
183 936 234 986 potis
247 938 277 974 est
289 934 350 983 cerni,
364 935 412 985 quia
424 946 501 974 cassum
513 934 589 973 lumine
601 936 670 974 fertur.

148 986 275 1037 'Vorsarique
287 991 356 1037 potest,
370 987 442 1037 globus
454 989 477 1025 ut
489 986 507 1025 si
518 986 571 1025 forte
584 987 634 1037 pilai

63 1038 65 1040 ’
129 1039 218 1081 Birnidia
232 1042 325 1089 exparte
339 1038 429 1077 candenti
441 1037 516 1076 lumine
528 1038 605 1088 finctus,
642 1048 644 1050 ·
754 1038 795 1079 720
827 1034 829 1036 ¹

129 1091 270 1141 versandoque
281 1091 364 1141 globum
376 1089 484 1129 varianteis
497 1090 554 1129 edere
565 1091 647 1131 formas.

128 1142 224 1192 Denique,
236 1154 282 1181 eam
293 1145 376 1191 partem,
390 1153 539 1192 quaequomque
553 1145 582 1181 est
594 1142 673 1194 ignibus
686 1144 750 1194 aucta,

96 1201 99 1205 ’
129 1195 161 1235 Ad
173 1194 258 1245 speciem
269 1194 331 1233 vortit
342 1193 527 1245 nobis,·oculosque
538 1196 644 1244 potenteisr
724 1240 726 1244 ¹

128 1247 178 1286 Inde
190 1245 303 1285 minutatim
314 1250 368 1285 retro
381 1249 496 1295 contorquet
508 1249 528 1284 et
540 1247 605 1286 aufert
668 1259 670 1262 ’

128 1297 243 1339 Luciferam
254 1301 332 1347 partem
343 1297 492 1349 glomeraminis
504 1301 563 1348 atque
574 1299 634 1349 pilai3
754 1297 793 1338 725

112 1351 156 1390 ‚ut
167 1350 291 1401 Babylonica
305 1349 533 1400 chaldaeamnoctrina,
547 1351 644 1400 refutans·

127 1402 280 1454 Astrologorum
293 1403 362 1450 artem,
375 1405 444 1441 contra
456 1402 570 1453 convincere
582 1401 653 1442 tondit:
672 1400 674 1404 ⁴

129 1453 215 1493 Proinde
227 1454 284 1504 quasi
296 1454 317 1493 id
329 1454 374 1493 fieri
385 1457 476 1503 nequeat,
490 1454 543 1504 quod
555 1458 631 1506 pugnat
642 1457 729 1506 uterque,

70 1518 73 1522 ·
127 1505 167 1547 nur
179 1506 244 1546 minus
256 1507 295 1545 boc
306 1506 343 1544 illo
356 1506 382 1544 sit
394 1519 446 1555 quur
458 1506 572 1555 amplectier
584 1506 643 1546 ausis.

85 1601 87 1605 Α
153 1558 251 1608 Denique,v
263 1568 314 1609 quur
324 1562 407 1608 nequeat
419 1570 496 1608 semper
508 1570 559 1598 nova
571 1559 619 1600 luna
631 1558 695 1599 creari
751 1555 790 1598 73⁰

127 1608 201 1650 Ordine
212 1611 386 1650 formarumoerto
399 1609 499 1660 cutisque·
506 1610 584 1662 figuris,

127 1663 190 1712 laque
202 1661 244 1701 dies
255 1662 323 1712 privos
335 1661 421 1701 aborisci
434 1674 523 1712 quaeque
535 1669 608 1711 creata,

126 1714 192 1764 Atque
204 1713 244 1754 alia
255 1714 310 1754 illius
321 1713 411 1765 reparari
422 1714 443 1753 in
455 1718 512 1765 parte
523 1715 618 1765 locoque;
678 1728 683 1743 ε

96 1784 98 1787 v
127 1766 260 1805 Difficile‘est
268 1766 345 1805 ratione
357 1766 427 1806 docere
440 1771 460 1806 et
472 1767 550 1806 vincere
562 1768 639 1815 verbis3

127 1817 202 1858 Ordine
213 1829 273 1868 quom
284 1818 353 1858 videas
364 1822 406 1858 tam
418 1822 471 1858 certo
485 1820 548 1858 multa
564 1819 633 1858 creari.
734 1854 737 1857 .
749 1814 789 1858 735

150 1869 170 1909 It
178 1870 222 1908 'Ver
233 1872 254 1909 et
265 1870 338 1919 Venus,
351 1873 377 1918 et,
389 1870 446 1909 Veris
457 1869 591 1920 praenuntius,
604 1874 651 1910 ante
724 1915 726 1920 ,

124 1919 223 1975 Pennatus
233 1922 326 1973 ‘graditur
337 1922 448 1973 Zephyrus,
460 1922 546 1973 vestigia
557 1926 638 1972 propter
675 1920 677 1923 ’

126 1971 188 2014 Flora
200 1973 272 2024 quibus
284 1978 348 2014 mater
356 1986 500 2026 praespargens
512 1976 557 2012 ante
568 1974 610 2013 viai

125 2024 201 2065 cuneta
214 2025 313 2065 coloribus
325 2024 411 2077 egregiis
425 2028 445 2064 et
457 2025 550 2065 odoribus
558 2026 641 2077 opplet:

124 2075 172 2116 lnde
184 2076 224 2116 loci
236 2077 325 2129 sequitur
337 2078 396 2118 Calor
408 2077 482 2125 aridus,
494 2081 514 2117 et
526 2089 591 2116 comes
600 2091 644 2128 ,una
748 2076 787 2120 740

123 2126 264 2169 Polvcrulenta
277 2131 374 2178 (detenet
385 2129 453 2170 Etesia
464 2130 529 2168 fiabra
541 2129 672 2179 Aquilonum:

123 2178 306 2221 IndeAuctumrms
319 2181 374 2228 adit3
387 2181 476 2233 graditur
488 2180 548 2220 simul
560 2181 623 2221 Evius
635 2183 703 2231 Evam

123 2229 171 2269 Inde
186 2231 238 2272 aliae
251 2234 385 2282 Tempestates
396 2233 504 2282 blenteique
516 2237 629 2282 sequuntur,

124 2282 236 2323 altitonans
248 2285 361 2332 Volturnus,
373 2287 393 2324 et
399 2284 565 2325 Auster-fulmine
576 2286 662 2335 pollensr

122 2331 213 2373 Tandem
224 2336 301 2377 Bruma
312 2336 374 2376 niveis
386 2336 451 2387 affert,
462 2336 583 2388 pigrumque
595 2338 683 2389 rigorem
716 2335 731 2387 j
744 2334 783 2376 745

95 2390 97 2395 ’
122 2382 209 2445 Reddite
218 2387 288 2427 Hiems
300 2389 394 2438 sequitur,
407 2388 503 2438 crepitans
515 2401 540 2427 ae
552 2389 641 2429 dentibus
653 2389 712 2440 Algu·

123 2435 169 2487 Quo
181 2448 246 2480 mmus
258 2443 288 2481 est
299 2441 381 2491 mirum,
394 2440 411 2483 si
423 2444 476 2485 certo
489 2443 577 2494 tempore
587 2442 636 2481 luna
666 2462 668 2466 .
