1690 2654
69 137 118 184 468
292 137 563 181 ANNOTATIONES

124 247 181 288 1441.
207 249 311 300 velivolis]
334 249 364 288 sic
382 249 443 289 Wak.
461 255 519 287 reete
536 248 624 287 edidisse
640 248 723 287 videtur
739 261 787 286 curn

71 301 167 339 omnibus
180 299 226 338 fere
240 301 308 349 libris;
322 315 371 339 nam
386 303 494 353 vulgatam
505 304 613 341 velivolum
623 315 665 338 non
676 301 715 338 nisi
726 301 787 338 Vind.

69 355 131 390 Poor.
144 352 199 392 lunt:
211 360 232 391 et
242 354 287 392 Ald.
299 356 318 392 2.
332 360 429 402 tuentur,
444 366 506 402 quam
516 355 583 391 miror
593 353 692 390 Orellium
703 365 787 403 quoque

69 404 191 451 retinuisse,
206 405 264 442 cuius
280 406 408 453 observatio,
425 405 513 456 simplex
530 405 674 455 praedicatum
689 406 787 453 velivolis,

69 469 113 495 non
126 457 237 504 adiuncto,
250 463 275 494 ut
287 459 356 496 Latini
368 458 459 504 soleant,
473 458 601 495 substantivo
618 461 650 503 (v,
663 470 681 495 c.
693 456 787 505 navibus,

69 508 171 555 ratibus),
183 508 237 546 ferri
246 522 288 546 non
298 523 365 560 posse,
378 522 421 546 uon
431 509 517 547 omnino
527 522 576 547 vera
586 508 674 546 videtur.
693 509 760 545 Porro
771 507 788 545 si

71 559 133 598 Orell.
144 560 206 598 dicit:
220 563 296 609 „Hane
308 568 378 599 antem
388 562 500 598 lectionem
515 563 650 611 (velivolum)
664 567 687 597 ut
699 572 788 609 repone·

69 625 123 658 rem,
136 612 158 649 in
168 626 230 651 eausa
238 613 280 650 fuit
289 613 392 664 Virgilius,
407 613 464 651 cuius
475 630 529 652 inore
540 615 647 652 velivolum
656 615 704 649 Aen.
715 614 731 657 Ι,
741 611 787 651 224,

70 664 119 702 hine
131 664 210 713 potius,
226 678 290 715 quam
301 665 415 702 secundum
426 666 518 702 Maerob.
530 667 571 702 Sat.
583 666 608 712 V,
619 667 637 703 6.
652 676 675 700 ex
684 663 737 700 Livii
748 666 788 700 lle·

70 716 119 754 lena
134 716 181 767 [ubi
192 720 258 755 morio
270 718 317 755 cillo
328 719 414 755 velivolo
424 716 546 767 legebatur]
562 716 648 753 ductum
663 721 725 764 puto:
738 728 788 753 nam

70 768 200 819 tragicorum
216 768 324 805 audaciam
336 768 358 804 in
369 768 445 804 talibus
456 768 534 804 imitari
549 768 582 804 vix
597 768 709 804 sustinebat
727 768 786 804 casti-

70 820 187 871 gatissimus
197 819 233 856 ille
243 821 312 869 poeta,
326 820 366 856 nisi
377 820 414 856 ubi
424 826 531 869 praeterea
541 820 639 867 Lucretii,
655 818 739 867 Catulli,
752 826 788 857 aut

71 871 160 921 denique
173 870 231 920 Epici
244 871 330 909 alicuius
342 872 455 908 auctoritas
467 878 550 921 praesto
562 872 646 918 esset;“
659 871 739 918 fateor,
753 884 788 911 me

70 923 139 961 minus
150 922 243 960 tribuere
255 923 333 968 Orellii,
347 936 410 974 quam
420 923 520 961 Macrobii
532 922 658 969 auctoritati,
670 923 712 972 qui,
723 935 788 972 quum

71 982 103 1013 tot
114 975 206 1012 Lucretii
217 982 237 1012 et
248 975 330 1026 Virgilii
340 976 398 1013 locos
412 975 576 1025 comparaverit,
590 975 626 1012 hic
642 975 705 1011 etiam
720 987 730 1010 e
746 976 787 1012 Lu·

71 1026 138 1065 cretio
154 1026 235 1077 potius,
249 1040 311 1076 quarn
327 1040 338 1064 e
354 1027 412 1064 Livio
427 1029 481 1064 hanc
498 1027 612 1064 dictionem
628 1026 756 1073 deduxisset,
770 1025 786 1062 si

71 1090 120 1116 vere
130 1078 151 1114 in
163 1080 225 1128 po'elta
235 1086 306 1116 nostro
316 1078 388 1116 locum
397 1079 513 1126 liahuisset3
530 1091 592 1129 quem
607 1078 675 1128 potius
689 1091 712 1115 ex
723 1078 787 1114 Ennio

71 1142 108 1168 suo
119 1129 210 1167 hausisse
222 1137 283 1179 puto,
298 1130 354 1167 haud
362 1131 427 1167 semel
438 1144 499 1168 naves
509 1130 562 1179 ipsas
572 1132 671 1169 velivolus
681 1136 701 1166 et
712 1131 787 1168 velivo-

72 1184 139 1220 lantes
156 1188 302 1228 nuncupante·
324 1182 396 1228 (Conf.
411 1183 513 1219 Columna
524 1182 551 1218 ad
563 1182 623 1219 Ennii
636 1187 687 1220 Ann.
698 1182 753 1220 XIV.
766 1193 786 1230 p.

72 1234 110 1273 179
122 1245 138 1270 S.
153 1232 187 1282 [p.
200 1234 244 1271 lOb.
258 1234 326 1281 Hess.]
342 1240 361 1270 et
377 1233 461 1273 Plancls.
475 1235 502 1270 ad
516 1234 576 1270 Ennii
594 1231 748 1281 eleusi-118.)
762 1253 788 1259 -

68 1296 153 1337 propter
164 1284 246 1332 odores]
257 1285 290 1321 'sie
300 1297 371 1322 omnes
383 1284 474 1321 Lucretii
486 1285 547 1323 Codd.
556 1284 701 1331 etveuediu„
716 1287 787 1333 (prae-

71 1343 104 1374 ter
114 1337 168 1373 lunt.
180 1342 201 1372 et
209 1335 254 1374 Ald.
266 1336 301 1384 2.)
316 1349 406 1386 quarum
421 1336 535 1374 lectionem
550 1335 680 1376 reeteWalr.
690 1336 787 1383 restituit,

71 1387 209 1437 probantibus
226 1387 301 1426 Eiolist.
320 1394 340 1424 et
356 1387 440 1426 Orellio.
467 1392 493 1425 At
511 1392 560 1425 vero
580 1401 644 1438 quum
663 1388 743 1425 Servius
761 1387 788 1424 ad

71 1439 129 1489 Virg.
140 1440 191 1476 Aen.
201 1440 243 1485 Vll,
255 1437 298 1478 804.
311 1451 322 1475 e
333 1439 430 1476 Lucretio
441 1439 515 1477 afferat
524 1440 587 1476 verba
597 1441 692 1478 Florebat
702 1440 788 1478 novibus

68 1502 155 1543 pontus,
169 1490 281 1537 Marullus,
294 1503 377 1528 memor
391 1491 480 1528 fortasse
493 1491 535 1529 loci
544 1491 652 1541 Virgiliani
664 1490 689 1527 acl
700 1491 751 1528 Geo.
760 1491 787 1538 ΙΙ,

71 1540 116 1582 445.
130 1543 223 1594 (prendas
234 1562 260 1569 -—
269 1557 355 1595 posuere
364 1544 470 1591 carinas),
484 1542 533 1579 inde
545 1542 690 1594 feeitflorelvit
701 1544 788 1580 navibus

68 1596 156 1647 paridis,
172 1593 238 1642 quod,
247 1593 273 1642 in
286 1595 342 1633 lunt.
353 1600 475 1643 receptum,
490 1606 515 1632 ex
526 1594 596 1631 bacin
606 1594 651 1630 aid.
663 1595 682 1632 2.
693 1593 754 1631 etsie
765 1594 788 1630 iu
801 1617 814 1624 x

72 1658 144 1683 omnes
162 1646 220 1684 editt.
234 1645 331 1696 vulgares
344 1647 431 1683 transiit.
457 1648 480 1682 ln
492 1645 535 1683 ullo
546 1652 616 1683 autem
628 1646 682 1682 libro
692 1646 729 1681 uis:
740 1644 787 1681 vul·
842 1667 844 1669 -

71 1698 142 1748 getam
153 1696 251 1746 reperiri,
267 1697 339 1734 eredat
354 1696 442 1734 Iudaeus
455 1697 532 1746 Apella.
560 1698 615 1734 Nam
628 1695 787 1744 Gifanii'‚‚lihri

72 1747 178 1798 quidam“
192 1747 248 1784 haud
258 1747 321 1786 dubie
332 1755 380 1784 sunt
390 1750 447 1790 Iunt.
458 1749 502 1786 Ald.
512 1750 532 1786 ἓ.
544 1755 568 1799 et
576 1749 664 1786 seriores
674 1748 787 1785 nonnullae

72 1799 141 1844 editt,;
156 1799 212 1849 quod
224 1805 294 1836 autem
306 1800 391 1838 Creeclr.
402 1800 463 1846 dicit,
477 1800 620 1848 „Lambinum
632 1800 653 1837 in
663 1799 787 1849 quibusdam

72 1849 136 1890 Godd.
153 1852 239 1889 novitus
252 1853 330 1902 ponciis
342 1851 479 1898 invenisse‚‘⁵
492 1851 570 1889 falsum
582 1858 622 1898 est,
637 1863 702 1901 quum
714 1850 750 1887 ille
762 1850 787 1889 tle

70 1901 133 1939 huius
143 1902 258 1951 scripturae
270 1902 395 1941 auctoritate
408 1903 469 1952 plane
481 1902 533 1940 nihil
545 1903 632 1953 prodat,
646 1903 688 1940 imo
699 1902 787 1939 alteram

71 1960 93 1991 et
103 1957 175 1991 veram
185 1954 298 1992 lectionem
311 1967 322 1990 a
334 1955 438 1992 nonnullis
452 1954 561 2001 (omnibus
580 1955 649 1992 dicere
668 1954 786 2002 debuisset)

70 2005 129 2042 libris
144 2007 190 2044 Mas.
205 2005 298 2043 exhiberi
311 2006 410 2045 fateatur.
434 2008 506 2051 'Quare
522 2006 548 2043 de
564 2007 627 2044 Godd.
640 2007 731 2043 lectione
744 2019 787 2043 non

72 2056 222 2102 dubitandum,
236 2058 317 2095 Servius
333 2065 403 2095 autern
418 2057 537 2094 vellosum
553 2064 647 2095 nostrum
664 2058 788 2095 memoriter

71 2114 153 2145 tantum
169 2120 209 2145 nec
225 2108 251 2145 ad
265 2110 351 2146 verbum
365 2108 468 2156 attulisse,
482 2109 515 2146 vel
527 2109 591 2146 aliurn
604 2110 693 2146 fortasse
704 2122 787 2147 versum

72 2159 203 2207 deperditum
214 2161 326 2209 respexisse
337 2161 425 2198 videtur.
454 2160 521 2207 (Quid
533 2160 589 2210 quod
597 2160 711 2198 nonnullae
723 2161 788 2198 Servii

73 2210 130 2250 editt.
141 2212 275 2249 rie-Lucretio
287 2212 384 2263 quidem,
399 2212 436 2249 sed
446 2212 529 2249 Lucano
538 2213 591 2250 haec
601 2214 664 2251 verba
674 2212 787 2260 vindicant,

72 2263 95 2300 in
107 2275 147 2312 quo
159 2269 229 2300 tamen
239 2276 282 2300 non
290 2263 356 2312 magis
366 2263 523 2311 inveniuntur.)
551 2266 607 2311 Quae
622 2277 686 2314 quum
698 2265 727 2301 ita
739 2265 786 2313 sint,

72 2326 115 2352 uon
125 2326 207 2363 possum
219 2315 313 2352 assentiri
325 2315 395 2352 Orellii
405 2316 489 2352 Censori
497 2317 588 2359 tenensi,
603 2318 637 2367 qui
650 2315 789 2366 Havercampi

72 2365 197 2403 sententiam
208 2367 320 2416 amplexus9
327 2367 551 2416 praestantissimorum
559 2367 621 2407 Godd.
629 2368 729 2405 lectiones
739 2380 787 2405 cum

72 2417 171 2455 Serviane
177 2417 206 2455 sic
213 2419 291 2468 optime
299 2418 406 2456 conciliari
412 2425 493 2456 censet:
504 2422 554 2457 Tum
560 2421 738 2462 mczrevelivolum;
745 2422 787 2471 flo-

71 2471 129 2509 relat
138 2470 224 2508 navibus
230 2483 305 2523 pontus
310 2486 317 2513 ,·
331 2483 384 2521 quae
392 2470 444 2508 mihi
452 2469 568 2519 tau’ologia
577 2470 659 2508 videtur
665 2469 787 2520 neutiquam

71 2518 166 2562 ferenda.
191 2523 272 2562 Florere
282 2527 359 2572 autem,
370 2522 392 2560 in
403 2534 451 2574 quo,
462 2522 556 2560 sicunde
566 2522 642 2574 posito,
653 2515 741 2560 ostendit
752 2522 787 2560 Vir
