1690 2654
303 52 407 94 LIBER
424 46 445 104 l.
613 81 616 84 -
699 52 731 96 23

68 164 142 214 [Quom
154 163 241 214 lapidem
248 162 269 203 in
278 162 366 215 lapidem
378 162 470 212 terimus,
484 173 566 203 manare
578 163 683 214 cruorem]

67 216 170 255 Consimili
179 217 255 256 ratione
265 216 337 256 herbas
348 228 424 266 quoque
432 228 490 266 saepe
503 216 585 255 decebat

67 270 93 306 Et
102 268 166 306 laticis
177 269 251 306 clulceis
263 273 329 319 guttas
341 268 440 316 similique
448 280 518 316 sapore
691 263 731 305 885

67 319 163 366 Mittere,
175 319 279 369 lanigerae
287 319 354 367 quales
364 323 409 362 sunt
419 319 480 357 ubere
492 317 558 356 lactis:
759 329 761 331 ·

14 386 16 390 ⁴
68 369 165 418 Scilicet3>
173 374 193 410 et
205 369 268 422 glebis
281 374 378 410 terrerum
387 381 445 419 saepe
455 369 520 408 friatis
541 396 543 398 ·

67 423 181 462 Herbarum
193 434 267 475 genera
278 427 298 461 et
308 423 376 473 fruges
388 419 588 471 frondeisque‘rideri

68 474 187 524 Dispertita‚
201 486 226 512 ac
238 474 259 511 in
270 478 343 512 terram
353 474 431 512 latitare
443 474 527 511 minute:
588 487 591 490 ’

67 527 169 565 Postremo
180 524 271 575 inlignis
283 525 369 564 cinerem
380 522 574 577 fumumquevideri,
593 553 595 556 s
691 520 730 563 89⁰

69 577 136 625 Quom
145 577 256 627 praefracta
268 577 341 624 forent,
348 576 456 628 igneisque
464 578 526 615 latere
536 575 627 615 minutos.

10 643 12 647 ·
69 630 159 677 Quorum
169 629 198 667 nil
210 628 255 667 fieri
263 629 356 679 quoniam
367 628 471 668 manifesta
482 629 539 666 docet
550 640 588 676 ree,

70 680 126 719 Scire
134 681 192 728 licet,
204 694 243 719 non
256 694 298 719 esse
308 681 329 718 in
337 682 396 718 rebus
406 693 438 718 res
448 682 476 719 ita
486 679 569 726 mixtas3

70 733 143 780 l'ernm
154 732 228 772 semina
239 732 360 771 multimodis
369 731 459 771 immista
470 733 533 770 latere

51 784 568 824 ›Multarumreruminrebuscommuniadebent.
663 830 665 832 Ι
691 779 731 821 895

95 838 122 874 At
132 850 189 885 saepe
198 834 310 887 iurnagnis
319 837 342 873 fit
350 835 460 883 montibus,
473 835 549 884 inquis,
563 836 585 872 ut
595 833 642 873 altis

69 886 176 926 Arboribus
185 886 251 925 aetna
263 887 365 926 cacumina
376 899 453 925 summa
462 889 553 925 terantur
580 920 583 923 .

69 939 122 978 lntcr
132 951 162 987 se,
174 938 247 980 validis
255 938 322 977 facere
331 938 353 977 id
361 937 475 989 cogentibus
484 937 564 986 austris,
597 970 598 974 ,

69 992 136 1028 Donec
147 991 236 1028 flammai
246 990 342 1027 fulserunt
352 990 400 1027 flore
412 992 488 1027 coorto:
522 995 523 998 ’

71 1041 162 1087 Scilicet;
176 1039 574 1091 etnonestlignistameninsitusiguis,
606 1062 608 1065 v
692 1036 732 1078 900

70 1092 143 1131 Verum
151 1091 279 1132 seminasunt
286 1091 361 1131 ardoris
370 1092 443 1140 multa,
456 1093 534 1132 terendo

71 1144 127 1193 Quae
136 1156 194 1193 quom
205 1144 327 1192 confluxere,
340 1148 406 1183 creant
413 1143 503 1184 incendia
513 1144 579 1196 sylvis.

71 1196 130 1242 Quod
141 1196 158 1233 si
169 1197 222 1234 facta
231 1197 283 1233 foret
293 1196 355 1246 sylvis
366 1198 478 1234 abscondita
488 1198 579 1243 flamma,

71 1246 115 1285 b'on
126 1251 204 1296 possent
214 1248 278 1286 ullum
288 1250 363 1296 tempus
376 1245 458 1287 celarier
469 1248 537 1298 ignes:

72 1297 194 1336 Conficercnt
207 1299 266 1349 volgo
279 1300 350 1349 sylvas
363 1299 443 1343 arbusta
455 1302 569 1338 cremarent.
693 1296 733 1338 9⁰5

97 1350 226 1387 Iamnerides
236 1350 310 1400 igitur,
324 1351 391 1399 paullo
404 1352 456 1398 quod
464 1351 548 1388 diximus
557 1352 607 1395 aute,

71 1400 180 1454 Permagni
189 1402 276 1449 referre,
289 1402 358 1440 eadem
368 1400 476 1451 primordia
486 1414 545 1451 saepe

72 1452 123 1490 Cum
131 1454 201 1501 quibus
215 1458 234 1493 et
245 1454 299 1503 quali
309 1453 396 1503 positura
409 1454 549 1502 contineantur,

72 1503 98 1540 Et
105 1515 153 1552 quos
163 1504 215 1543 inter
225 1518 246 1544 se
255 1506 300 1543 dent
310 1508 374 1543 motus
385 1504 533 1554 accipiantque?

28 1555 30 1559 '
71 1554 494 1606 Atqueeadem‚poullointersemuteta,
508 1567 575 1595 creare
692 1551 733 1594 ulo

72 1606 138 1656 Igueis
149 1621 160 1646 e
171 1609 246 1659 lignis?
259 1621 298 1658 quo
310 1612 367 1657 pacto
377 1609 439 1647 verba
449 1617 526 1659 quoque
537 1608 581 1658 ipsa

74 1658 127 1697 luter
137 1672 158 1697 se
167 1661 234 1712 paullo
246 1661 327 1699 mutatis
338 1663 383 1699 sunt
393 1661 499 1708 elementis,

75 1709 191 1762 Gum'ligna
203 1712 337 1764 atque-igneis
348 1711 439 1751 distincta
453 1725 502 1751 voce
512 1715 610 1752 notemus.

100 1764 200 1813 Denique,
214 1763 256 1802 iam
266 1776 414 1814 quaequomque
426 1764 447 1803 in
458 1766 517 1803 rebus
527 1765 590 1813 cernis
601 1762 679 1816 apertis,

74 1812 98 1851 Si
105 1815 149 1853 fieri
157 1828 197 1853 non
207 1828 263 1864 posse
273 1820 330 1866 putas
336 1847 343 1864 ‚
355 1817 402 1865 quin
413 1818 504 1856 materiai
693 1810 734 1858 915

75 1866 162 1916 Corpora
171 1867 268 1906 consimili
279 1871 349 1906 natura
358 1868 446 1917 praedita
455 1869 525 1919 fingas,

74 1917 119 1956 Hac
129 1918 205 1957 ratione
216 1919 253 1958 tibi
262 1920 461 1970 pereuntprimordia
470 1932 543 1959 rerum.

74 1968 130 2017 Fiet,
141 1971 172 2008 uti
181 1971 223 2009 risu
230 1973 314 2009 tremulo
327 1984 420 2010 concussa
428 1973 550 2020 cachinnent,

76 2021 101 2059 Et
113 2023 206 2061 lacrumis
219 2023 275 2062 salsis
283 2024 396 2061 humectent
408 2036 443 2062 ora
454 2037 560 2075 genasque.

28 2089 29 2092 ¹
75 2070 131 2126 Nunc
141 2087 189 2125 age,
203 2075 253 2124 quod
266 2079 363 2125 superest,
377 2088 474 2126 cognosce
483 2080 503 2114 et
511 2076 583 2114 clarius
595 2074 651 2114 audi:
696 2072 735 2114 920

75 2122 116 2162 bec
125 2138 156 2164 me
167 2126 228 2164 animi
237 2127 300 2175 fallit,
314 2138 373 2176 quam
385 2126 424 2166 sint
430 2128 528 2176 obscura3
540 2128 574 2166 sed
586 2129 627 2166 aeri

75 2174 174 2215 Percussit
184 2179 253 2229 thyrso
263 2179 328 2217 laudis
340 2191 383 2228 spes
393 2189 467 2228 magna
478 2192 544 2216 meum
558 2192 598 2225 cor,

49 2253 51 2255 -
75 2225 103 2281 Et
111 2228 171 2267 simul
178 2230 259 2268 incussit
269 2243 348 2274 suavem
358 2232 386 2267 mi
395 2229 416 2268 in
425 2235 492 2279 peetus
505 2243 593 2269 amorem

73 2276 189 2319 Musarum:
202 2295 241 2330 quo
253 2295 304 2321 mum
313 2281 414 2321 instinctus
426 2279 574 2333 menterigenti
688 2309 691 2312 ι

76 2328 128 2369 Aria
138 2331 238 2371 Pieridum
249 2346 334 2385 peragro
343 2334 400 2380 loca,
413 2333 485 2373 nullius
494 2338 539 2373 ante
696 2332 735 2374 925
792 2331 795 2335 '

77 2381 135 2419 Trita
144 2384 196 2430 solo;
208 2384 265 2423 iurat
273 2386 360 2436 integros
373 2386 465 2424 accedere
476 2386 554 2433 fonteis,
703 2386 705 2388 ’

77 2431 140 2483 Atque
149 2434 242 2484 haurire,
255 2436 348 2488 iuratque
356 2450 417 2477 noros
428 2438 604 2488 decerperemus,
664 2479 666 2483 ,
