1690 2654
232 83 272 125 AD
290 80 422 122 LIBRUM
439 80 583 124 SEXTUM.
723 80 771 126 535

1 223 7 241 „
55 209 95 248 quo
112 193 234 233 Turnebum
250 190 359 242 [Adverss.
368 191 448 236 XXVI,
465 190 509 241 l3.]
524 190 567 228 iarn
576 189 637 229 video
655 193 676 227 et
688 188 772 227 Salma-

54 249 107 287 sium
119 245 192 296 [Epist.
204 243 247 293 52]
260 242 375 294 cogitasse)
386 241 435 292 quia
444 247 524 279 terram
536 242 628 292 undique
641 242 771 292 complecta·
810 276 820 284 ,

1 314 5 320 ’
54 306 99 345 tur,
117 299 146 335 ita
160 295 316 347 quodammodo
329 293 427 332 constitui
441 293 501 331 locus
518 295 603 332 omnino
618 294 690 332 debet:
704 316 730 323 —
743 315 770 321 -

55 354 130 391 suevit:
150 350 243 401 Denique
259 363 298 400 qna
310 349 385 385 circam
397 347 449 384 coeli
466 347 503 384 lor.
515 350 603 394 coercet,
623 350 652 385 tt.
666 349 697 385 vis
709 347 772 385 simul

56 406 102 443 inde
112 412 162 440 ertr.
172 402 225 446 ins.;
245 398 282 436 sed
291 397 387 435 faciliora
402 403 450 435 sunt
461 397 555 448 vulgata,
576 404 598 436 et
611 398 716 435 minorem
727 398 770 435 vim

55 453 178 493 lectionibus
194 450 277 501 scriptis
292 449 393 487 inierunt.
424 449 492 486 Navae
509 462 594 500 operam
609 449 690 499 Virgilii
703 450 769 496 locus,

54 511 103 545 Aen.
119 506 159 552 XI,
174 503 233 542 692ss
260 504 316 539 Haec
332 503 404 539 Wak.
421 506 518 547 annotat,
540 500 636 551 quemin
650 502 692 539 hoe
707 513 769 539 versu

56 557 134 596 edendo
150 567 198 592 cum
209 553 285 592 Eichst.
296 559 395 602 sequutus
410 564 462 589 sum.
489 554 573 590 Praeter
588 552 679 590 Turnebi
694 560 715 590 et
727 553 769 590 Sal-

54 608 113 647 masii
124 606 266 644 coniecturam
281 605 324 641 iam
336 610 536 651 commemoratam,
554 617 670 654 anonymus
682 605 769 654 quidem

6 666 8 668 ’
55 659 109 710 apud
118 659 190 696 Lemb.
200 658 255 696 hanc
266 654 364 707 protulit:
386 658 509 709 quacircam
523 659 574 696 collo
587 659 768 702 loriccealtaeret;

54 712 119 749 Faber
130 716 202 748 autem
213 708 266 747 coni.
278 723 338 761 qaam
349 710 423 747 circum
436 711 488 747 corii
499 711 562 748 lorica
574 712 657 747 coercet.

104 775 149 814 956.
177 773 293 822 „Martiae
307 773 378 821 visque
394 773 464 810 simul:
484 772 499 810 i.
510 785 528 810 e.
538 784 659 825 permanat,
677 786 697 811 v.
711 773 767 819 953.;

54 825 86 864 vel
94 836 200 878 penetrare
211 827 284 870 sitavit,
297 837 316 861 V.
327 823 386 870 9544
406 824 440 860 vel
448 835 591 874 permananter
600 828 662 873 ualet,
676 839 695 863 V.
707 825 768 864 917.“

54 880 123 916 Waa
150 878 196 913 Hoc
205 883 275 913 tamen
286 880 416 924 postremum
431 875 514 925 longius
523 882 640 924 remotum,
658 887 768 927 permanat

53 935 123 965 autem
133 927 238 978 aptissime
250 926 378 977 subintelligi
388 926 476 964 videtur.
503 927 598 979 Greecli„
613 926 649 978 qui
659 928 712 965 haec
721 939 767 965 ver-

53 979 81 1017 ba
93 992 141 1017 cum
152 978 256 1028 prioribus
271 984 329 1016 arcte
344 978 456 1017 cohaerere
470 984 542 1028 putat,
562 979 617 1017 coni.
625 981 713 1018 Fervida
723 981 767 1023 za's‚·

54 1030 121 1082 „quia
135 1029 219 1068 loricati
229 1030 312 1079 milites,
327 1030 376 1067 dum
388 1030 463 1067 urbem
476 1037 601 1080 expugnent,
614 1031 667 1080 pice,
681 1030 768 1079 sulphu-

53 1095 87 1129 re,
99 1094 135 1119 seu
145 1095 198 1132 aqua
210 1081 305 1119 fervente
315 1081 403 1130 aspersi,
416 1081 458 1118 vim
469 1081 573 1119 fervidam
583 1082 660 1119 loricas
669 1094 715 1119 suas
727 1094 767 1131 pe-

53 1139 169 1172 netrantem
182 1133 306 1171 senserint.“
333 1136 391 1179 Quae
401 1133 463 1169 altius
473 1133 562 1182 repetita
571 1133 674 1171 videntur.
699 1133 767 1171 Verba

53 1192 123 1222 autem
132 1188 202 1238 visque
211 1187 273 1224 simul
277 1212 282 1232 ‚
301 1200 359 1238 quom
371 1184 430 1222 Walt.
440 1184 533 1222 restituit
548 1197 572 1221 ex
583 1185 679 1222 omnibus
694 1184 766 1228 libris;

52 1236 114 1287 vulgo
126 1236 180 1274 enirn
190 1240 222 1275 ais
238 1252 368 1289 quaeeunque
378 1235 462 1286 legitur,
484 1249 507 1273 er
518 1236 604 1274 arbitrio
615 1236 718 1283 Lambini,
732 1235 766 1274 cui

53 1287 123 1325 dubito
135 1301 161 1325 an
174 1287 232 1325 credi
241 1288 317 1338 possit,
330 1290 352 1326 in
367 1287 447 1325 duobus
460 1287 565 1326 audaste
579 1288 675 1338 reperiri.
689 1309 714 1316 -
728 1304 765 1327 ex-

53 1340 160 1390 trinsecus]
176 1342 229 1377 lunt.
241 1343 359 1378 excusseris.

102 1403 165 1442 957⁵.
192 1408 278 1441 Sensum
291 1403 352 1440 huius
366 1401 457 1450 distichi,
478 1402 504 1439 ab
517 1401 631 1439 editoribus
650 1401 765 1440 admodum

53 1454 129 1499 vexati,
144 1466 156 1491 a
166 1466 187 1491 se
198 1457 275 1504 autem,
288 1462 312 1493 ut
323 1454 430 1503 edidimus,
444 1454 545 1501 restituti,
560 1453 619 1502 Walr.
630 1454 659 1492 sic
670 1454 764 1504 exponit:

54 1504 189 1555 „Philosophi
197 1507 273 1544 merito
284 1507 396 1544 remittunt
405 1507 426 1544 in
435 1512 513 1542 terram
521 1504 645 1555 coelumque
656 1518 702 1543 eam
711 1512 765 1542 tem-

52 1561 164 1605 pestatem,
184 1569 237 1608 quae
247 1557 273 1595 de
285 1564 342 1595 terra
354 1558 455 1608 coeloque
469 1557 563 1606 primum
574 1563 605 1594 est
616 1563 700 1594 exorta:
719 1556 733 1594 i.
746 1569 763 1594 e.

51 1608 98 1643 Iure
107 1607 189 1655 dicunt,
206 1615 355 1658 tempestatum
366 1622 429 1646 caeca
441 1621 531 1658 corpora
541 1621 611 1645 rursus
621 1609 643 1645 in
652 1607 764 1645 immensi-

51 1661 94 1694 tate
109 1658 169 1707 spatii
179 1666 266 1709 recepta
276 1661 349 1709 condi,
370 1667 431 1710 atque
447 1662 592 1698 evanescere.“
617 1660 674 1697 Libri
683 1666 764 1697 veteres

51 1708 81 1745 sic
92 1709 184 1747 variant:
202 1711 355 1764 tempestatem]
374 1713 423 1749 Brit.
434 1713 453 1751 3.
469 1710 514 1751 Atd.
527 1713 546 1751 1.
558 1713 607 1750 Bon.
626 1723 762 1763 tempestates,

49 1759 115 1811 Luget,
124 1762 142 1799 1.
154 1773 273 1814 tempestate
285 1767 317 1811 in,
337 1764 394 1813 quod
405 1777 417 1799 a
433 1768 519 1812 recepta
529 1763 620 1800 lectione
631 1776 674 1800 non
686 1762 762 1799 differt.

50 1831 76 1839 -
89 1812 189 1862 coortam]
209 1813 239 1852 sic
250 1816 310 1853 Poor.
322 1815 369 1853 Brit.
381 1817 398 1854 1.
411 1816 469 1853 Cant.
480 1820 501 1851 et
512 1816 579 1860 Iunt.;
598 1813 647 1851 Brit.
657 1815 676 1853 3.
689 1813 733 1852 etd.
745 1816 764 1854 1.

50 1862 69 1901 2.
80 1863 128 1902 Bon.
140 1876 220 1904 coortae
225 1881 233 1909 ‚-
245 1865 322 1916 reliqui
335 1878 411 1911 coorta,
426 1866 482 1917 quod
493 1865 555 1902 facile
568 1878 579 1902 e
591 1869 659 1904 coorta
669 1877 764 1902 corrum-

50 1911 72 1960 pi
81 1914 154 1961 potuit.
168 1937 194 1943 —
206 1922 294 1963 remote]
314 1918 345 1955 ita
361 1917 422 1954 Vind.
436 1917 513 1967 fragm.
523 1916 583 1955 Vinii.
597 1918 656 1953 Poor.
669 1923 689 1953 et
699 1918 763 1963 Ven.;

52 1964 114 2001 ceteri
125 1978 218 2006 remotae.
236 1990 256 1996 -
272 1972 331 2015 iure]
346 1969 407 2008 Vind.
418 1969 466 2008 Ver.
480 1969 529 2006 Ven.
540 1970 562 2006 ia
571 1984 603 2015 re,
617 1968 666 2007 Brit.
679 1970 698 2007 3.
708 1983 763 2007 men-

51 2023 83 2057 te‚·
103 2015 158 2053 Ium.
175 2030 213 2065 pro
228 2032 303 2058 remote
317 2024 361 2058 inre
369 2021 481 2070 facessunt
496 2019 561 2057 habet
579 2022 636 2058 timet
650 2022 763 2071 circumque

47 2064 136 2115 fatiscit.
162 2069 242 2121 Vulgo:
260 2075 289 2110 Et
299 2083 430 2124 tempestates
442 2082 457 2109 t.
467 2069 577 2109 cscoortae
590 2075 608 2107 E
618 2072 672 2109 coelo
685 2083 763 2110 emotae

51 2125 144 2169 terraque
154 2133 235 2172 repente
246 2123 368 2174 facessunt,
387 2130 411 2159 ut
420 2122 492 2160 Lamb.
504 2123 576 2159 locum
589 2122 708 2171 constituit,
728 2123 763 2173 qui

50 2165 72 2202 in
88 2168 135 2206 God.
146 2171 200 2211 Tett.
211 2173 301 2213 invenit:
322 2179 347 2213 Iu
365 2176 420 2213 caelo
436 2184 530 2226 terraque
545 2185 634 2211 remotae
646 2173 763 2223 facessant,

50 2217 125 2266 Faber,
140 2233 164 2259 ex
172 2229 232 2272 parte
243 2227 295 2264 qut.
305 2232 412 2276 sequutus,
426 2225 480 2270 coni.
494 2227 548 2265 Nam
558 2236 698 2277 tempestatem
709 2227 762 2265 coelo
778 2233 779 2237 ’

52 2278 128 2309 terrane
137 2284 225 2314 coortam
241 2280 262 2316 V
259 2279 280 2315 el
284 2279 342 2328 ferri
352 2290 427 2317 natura
439 2281 506 2323 timet,
521 2280 634 2329 circumque
637 2277 730 2328 fatiscit.

90 2347 144 2404 Ι959.
170 2351 223 2401 nisi]
239 2353 333 2393 sicWak.
341 2368 388 2392 cum
399 2353 494 2393 omnibus
505 2353 550 2391 fere
558 2353 628 2402 libris,
641 2352 703 2404 vulgo
713 2367 760 2400 nou,

51 2399 74 2432 ul
88 2409 110 2433 ¹1¹
124 2400 189 2452 Lugd·
199 2405 217 2442 1.
233 2405 294 2445 Vina.
311 2413 332 2444 et
347 2407 423 2459 fragm.
440 2406 500 2445 Vind.
527 2406 567 2443 Sed
584 2418 626 2442 nou
642 2403 760 2453 tacendum,

42 2452 160 2502 ⁴utrumque
170 2454 230 2493 Vind.
239 2470 280 2495 non
290 2456 421 2511 insequente
435 2470 497 2497 versu
510 2458 613 2496 omittere.
