1690 2654
259 58 619 106 noninnonsunvnu.
753 58 801 106 475

83 178 139 219 Brun
150 180 198 218 Ver.
207 178 259 216 Ven.
273 173 330 212 dedit
342 173 428 212 miseris.
441 190 467 200 -
480 173 576 225 ignorei]
591 173 652 212 Cant.
663 172 759 226 ingnori,
774 170 802 210 ad

82 232 223 284 antiquiorem
237 224 415 278 orthographiam.

135 285 167 324 67.
195 296 256 321 caeco
264 278 355 327 ratione]
371 277 400 322 ita
409 275 470 315 Wak.
481 274 570 324 (Eichst.
581 276 659 323 orell.)
674 289 723 315 cum
733 274 801 327 Lugd.

84 339 102 377 1.
113 337 133 376 2.
151 333 211 374 Bodl.
228 335 289 370 Poor.
307 332 365 368 Cant.
378 328 431 367 Brix.
446 329 495 367 Ver.
505 329 556 368 Ven.
567 328 612 366 Ald.
624 330 642 368 1.
657 331 720 376 Bon.;
747 333 801 368 Iunt.

83 388 154 427 Aldu.
168 397 212 426 toto
222 387 314 428 ratione5
321 381 385 433 vulgo
396 392 441 420 toto
452 382 541 433 regione,
551 380 663 418 eLambini
673 381 800 421 coniectura.

83 440 149 479 BentI.
160 449 205 477 roto
215 452 229 475 o
238 439 319 475 ratione
331 434 373 486 legi
383 433 448 482 iubet,
461 439 486 470 ut
497 433 521 479 V,
532 433 565 473 23.
573 449 588 480 ,*
599 432 636 471 sed
644 432 687 471 sine
700 446 769 472 causa.

136 493 168 531 68.
186 485 402 543 ‘longeqneremittiss
424 483 655 539 queabestalsrit.2.;
677 483 801 525 vudum.

84 545 103 584 2·
114 543 133 583 3.
143 544 225 582 remitti.
279 564 284 576 ι

136 596 168 635 69.
195 604 298 646 „pumrez
310 590 324 630 i.
338 603 355 630 e.
367 587 391 630 td
402 600 488 643 putores
506 595 530 627 ut
539 589 629 627 nominis
639 589 709 628 officio
721 588 802 627 scilicet

85 653 133 699 post
147 645 236 684 verbum
251 646 338 683 remittis
352 642 465 681 infinitivus
480 642 555 679 modus
566 642 677 693 fungetur:
700 655 740 693 quo
750 640 802 679 nihil

86 698 174 746 doctius,
187 696 299 743 venustius,
312 701 348 733 aut
358 695 422 747 magis
432 694 587 733 Lucretianum.
615 694 709 732 Editores
720 695 802 743 [onmes

85 764 98 789 a
112 748 213 789 Lambino
230 761 296 800 usque
311 747 338 785 ad
348 746 452 796 inanest,
476 747 511 798 qui
528 760 566 797 per
580 747 612 784 fas
624 746 725 798 nefasque
740 757 802 783 ruere

84 816 128 841 non
137 801 283 848 dubitaverint,
293 800 407 838 dummodo
412 798 532 839 Lucretium
544 799 639 837 sordibus
650 800 689 836 suis
701 810 803 849 conspur-

86 860 164 901 carent,
178 853 221 892 ausi
234 859 282 891 sunt
292 865 317 890 ex
326 852 412 891 arbitrio
423 863 526 903 reponere
534 854 640 905 plorando:
654 850 801 902 quodGratiae

86 906 228 947 aversantur.“
254 908 286 945 W
288 908 327 944 ok.

137 960 169 999 70.
195 958 304 1008 Deliboto]
325 956 420 1009 Lngdss.
436 956 571 1000 Delibern2u;
589 954 674 1004 ‚,unde,
693 954 753 993 Wah.
767 954 802 992 In-

86 1010 142 1062 quit,
158 1009 222 1048 facile
240 1016 272 1048 est
284 1009 348 1047 cuivis
360 1008 481 1058 exsculpere
492 1010 612 1047 Dolibroto:
632 1007 668 1045 sed
682 1020 726 1045 non
740 1003 803 1045 causa

87 1069 129 1113 est,
143 1062 170 1100 ob
180 1074 243 1113 quam
253 1068 338 1112 recepta
350 1061 436 1098 velimus
446 1060 583 1098 in1mutare.“

137 1115 169 1154 71.
197 1116 281 1154 oberunt
291 1112 415 1154 Wakefieldi
425 1118 455 1151 est
467 1112 588 1150 coniectura
597 1110 713 1149 admodum
723 1110 803 1162 proba-

86 1166 145 1214 bilis,
163 1166 190 1204 ab
202 1167 277 1204 Eichst.
290 1179 373 1218 quoque
386 1171 406 1203 et
416 1163 492 1202 Oreliio
505 1170 601 1213 recepta,
620 1176 683 1214 quarn
694 1163 725 1200 sie
735 1163 803 1200 inter—

14 1221 20 1234 f
86 1224 191 1269 pretatur:
211 1220 254 1268 „ob
266 1231 288 1256 os
298 1219 336 1256 tihi
348 1229 415 1266 erunt,
430 1223 458 1266 et,
473 1216 531 1268 quasi
541 1215 665 1265 minitantia,
678 1215 748 1253 vuitus
758 1227 802 1253 sae-

86 1283 123 1309 vos
136 1283 149 1307 a
166 1270 221 1308 coeii
234 1270 355 1323 regionibus
370 1269 502 1308 ostendent.“
528 1268 585 1305 Libri
599 1267 655 1305 enim
671 1280 743 1305 omnes
755 1270 803 1306 ode-

87 1333 145 1369 runt,
167 1329 251 1373 praeter
267 1322 311 1361 Aid.
325 1325 342 1363 1.
360 1322 446 1372 (inqua
460 1320 565 1358 laudanda
580 1319 644 1357 falsus
658 1325 688 1356 est
700 1319 801 1367 Gerard.)

86 1377 136 1463 pon.
146 1376 200 1412 Iunt.
217 1380 237 1412 et
246 1374 292 1415 nld.
300 1376 332 1424 2.,
350 1377 438 1414 oderunt
449 1373 584 1424 praebentes,
602 1378 626 1408 ut
641 1371 663 1408 In
674 1371 731 1422 vulg.
745 1370 803 1411 editt,

97 1438 106 1464 e
122 1431 172 1464 rtur.

108 1438 121 1477 g
138 1479 171 1517 72.
198 1494 223 1518 ex
234 1478 280 1527 ira]
292 1479 352 1516 Poor.
363 1476 412 1517 Brit.
425 1476 443 1516 1.
455 1471 479 1517 2(
485 1476 504 1516 3.
517 1476 574 1525 Cant.
584 1473 637 1512 Bria.
647 1474 695 1513 Ver.
705 1475 756 1511 Ven.
768 1490 802 1513 ex·

88 1531 129 1578 ire,
142 1529 203 1569 Vind.
213 1534 249 1570 ire.
263 1552 290 1559 -
302 1529 393 1580 inbibat]
407 1529 456 1570 Brit.
468 1529 487 1568 1.
498 1529 516 1567 2.
528 1528 548 1567 3.
559 1525 612 1565 Erin.
625 1527 673 1566 Ver.
683 1528 735 1564 Ven.
745 1528 802 1566 inhi-

88 1582 129 1630 bot,
142 1580 203 1622 Vind.
214 1584 286 1621 inibat·
486 1609 489 1612 ι

138 1634 170 1672 73.
197 1637 276 1686 quietus
288 1632 348 1672 Wak.
361 1631 455 1670 restituit
472 1644 497 1670 ex
508 1631 604 1669 omnibus
618 1629 664 1668 fere
674 1628 744 1679 libris,
762 1628 802 1666 hac

88 1683 159 1722 addita
172 1683 356 1736 interpretatione:
375 1683 445 1732 „nihil
463 1696 547 1722 caussae
560 1696 584 1720 re
600 1695 649 1732 vera
664 1681 754 1727 hahens,
775 1680 802 1718 oh

89 1748 157 1825 qppppl
168 1735 299 1828 daetscrucieris
311 1750 336 1775 ae
350 1735 503 1777 conturberis.“
527 1734 595 1786 Vulgo
608 1738 699 1788 quietos,
712 1739 736 1771 ut
747 1733 803 1772 Iunt.

45 1823 49 1825 a
89 1799 102 1825 e
159 1816 164 1825 .
190 1818 194 1828 .
243 1802 245 1807 ·

139 1836 171 1879 74.
193 1840 284 1893 fluctus}
298 1839 407 1892 „Lugdu
417 1840 436 1879 2.
442 1838 507 1877 ‘Vino
514 1837 567 1877 Brit.
575 1839 593 1877 1.
604 1838 663 1876 Cant.
675 1835 743 1887 [erit]
754 1836 802 1873 Ver,

90 1889 159 1940 [Vm]
171 1893 247 1942 fleme,-
267 1893 324 1931 unde
339 1892 469 1930 verissimum
483 1898 588 1941 putassem
602 1893 676 1938 flotus,
694 1894 718 1925 ut
729 1888 764 1926 Sil.
776 1888 803 1926 It.

88 1941 155 1992 XVII,
168 1945 211 1985 120.
231 1943 289 1997 Virg.
299 1948 350 1984 Aen.
361 1945 401 1994 XI,
417 1941 475 1992 346„
493 1942 533 1981 nisi
547 1948 603 1980 vates
616 1940 674 1979 idem
690 1939 803 1978 obstitisset

88 1991 137 2033 ibid.
149 1995 198 2042 ΧΠ,
206 1997 268 2036 nstv
296 1998 367 2036 [ναῖε.

140 2047 185 2089 76..
199 2049 309 2087 simulacro
321 2046 432 2100 feruntur]
454 2044 537 2084 Retinui
552 2044 662 2095 vulgarem
677 2042 802 2091 lectionem,

89 2096 189 2136 Oreliium
204 2106 314 2150 sequutus,
334 2099 369 2150 qui
384 2099 437 2136 haec
451 2104 549 2136 annotat:
571 2098 640 2143 „Non
655 2101 687 2134 est
701 2095 765 2143 haec,
780 2101 803 2132 ut

88 2147 149 2186 Wak.
161 2150 291 2200 opinabatur,
304 2150 343 2200 Pii,
357 2150 371 2190 i.
383 2163 399 2188 e.
410 2150 495 2188 Avancii
507 2148 632 2197 emendatio,
647 2146 683 2185 sed
692 2147 755 2186 lectio
766 2146 802 2187 Ed.

89 2198 144 2238 Brix,
158 2202 228 2249 [unde
242 2203 324 2240 transiit
335 2204 359 2240 in
368 2202 412 2242 nid.
424 2204 441 2242 1,
453 2204 475 2241 2,
487 2204 537 2238 Bon.
547 2199 626 2249 tunt.],
637 2212 701 2251 quam
713 2198 804 2237 restitui-

90 2260 141 2287 mus¹
167 2254 214 2292 Ver.
224 2255 276 2292 Ven.
282 2256 366 2303 ferunt,
386 2254 442 2304 qnod
454 2266 520 2304 quum
534 2259 603 2291 metro
615 2264 733 2302 repugnare
745 2250 803 2288 vide-

90 2307 144 2359 rent,
157 2311 303 2354 perverterunt
314 2306 437 2356 insuetum,
452 2305 519 2356 [etsie
530 2305 591 2344 Wah.
599 2312 622 2350 et
631 2304 706 2344 Eichst.
719 2300 803 2352 epIuri-

90 2363 129 2390 mis
142 2366 190 2394 sane
198 2356 258 2395 tibris
268 2357 402 2409 ediderunt];
422 2358 458 2395 sed
468 2357 569 2407 seruntur
584 2358 632 2395 satis
647 2356 766 2394 defenditur
781 2358 803 2390 et

90 2402 181 2444 Lucretii
194 2420 254 2446 more
269 2411 318 2459 (IV,
333 2411 377 2450 177.
389 2408 435 2449 240.
446 2412 491 2450 328.
508 2410 563 2460 [359.
575 2412 618 2450 737.
632 2408 690 2457 itt]
710 2406 764 2452 etc.)
782 2410 803 2441 et

19 2499 21 2502 .
91 2454 200 2496 subiunoto
212 2464 234 2500 in
244 2464 335 2510 monteio,
349 2461 370 2500 in
384 2474 431 2513 quo,
445 2462 511 2500 aitera
521 2461 612 2500 lectione
623 2466 713 2510 recepta,
726 2457 802 2495 misere
