1690 2654
233 102 274 144 AD
290 96 426 143 LIBRUM
442 98 608 143 TERTIUM.
628 100 631 110 ⁸
733 95 781 143 295

64 215 172 263 adornato,
187 215 298 262 instructo,
315 221 336 252 et
346 214 424 267 legitur
434 213 496 252 etiarn
507 217 522 258 1,
532 214 563 253 88.
574 210 619 253 949.
631 216 652 249 et
663 211 697 258 IV,
708 208 740 249 31.
754 227 782 239 -·

65 267 163 316 aventem]
178 266 255 318 fragm.
267 266 328 307 Vind.
338 279 423 317 ventem,
437 266 502 318 Lugd.
512 268 529 305 1.
539 264 596 303 rodi.
607 263 667 301 Vind.
680 263 728 300 Brit.
736 263 754 302 1.
760 261 780 303 3·

66 319 122 355 Cant.
133 319 185 359 Brix.
196 319 243 357 Ver.
254 321 306 359 Ven.
316 321 427 359 habentem.
444 319 502 367 (Vid.
511 329 575 368 supra
585 315 612 353 ad
622 318 646 361 11,
655 316 714 365 216.)
777 334 782 343 ·-

69 394 71 396 -
116 370 161 410 261.
184 373 252 422 patrii
263 374 360 417 sermonis
371 370 467 421 agestas]
483 369 542 413 Conf.
555 369 580 406 ad
590 373 605 414 I,
618 366 662 408 140.

115 422 161 461 263.
188 424 214 458 Ut
224 421 338 459 innumeris
348 422 371 459 in
381 422 444 469 iocis,
455 422 485 459 sic
495 421 531 458 hio
543 416 606 458 etiam
618 416 781 471 interpungendi

65 471 169 512 rationem
185 484 197 510 a
212 473 406 520 Wakinduetam,
419 472 510 518 mutavi3
525 472 560 522 qui
574 478 647 509 contra
661 483 745 509 sensum
760 475 782 508 et

66 536 184 564 connexum
198 531 245 574 post
256 528 371 576 primordia
387 537 471 563 comma
484 524 563 573 posuit,
577 536 603 561 ne
614 524 658 574 quis
668 523 782 574 coniungat

62 577 178 631 primordia
190 579 342 629 principiorum.
368 578 395 614 At
409 575 445 626 qui
458 576 492 613 vel
506 581 592 613 centum
606 574 698 614 Lucretii
709 585 782 613 versus

65 625 188 678 perlegerit,
203 627 255 665 sciat
264 640 348 681 necesse
358 635 389 667 est
393 658 400 680 7
412 630 528 681 primordia
540 635 560 666 et
566 630 673 682 principia
682 625 781 666 Lucretio

62 691 150 731 ,prorsus
159 691 202 717 esse
213 693 335 730 synonyme.
363 685 365 688 '
687 717 695 726 Α

68 776 70 783 .
117 732 162 772 266.
187 734 263 771 multae
272 736 316 780 vis]
330 731 390 774 Vind.
399 732 459 770 Poor.
472 732 520 770 Brit.
532 733 550 772 1.
562 733 581 772 3.
599 731 659 770 Cant.
674 736 695 769 et
710 742 782 769 omnes

67 782 125 822 editt.
134 788 184 822 vett.
194 785 259 823 multa
268 788 323 833 eius,
339 785 374 836 qui
384 790 432 821 sunt
442 783 506 822 iidem
514 783 626 823 literarum
636 784 717 822 ductus.
745 785 783 822 Vis

66 842 138 873 autem
156 835 178 872 in
196 848 284 873 numero
307 836 384 886 plurali
404 835 497 886 positum
517 835 561 873 iam
583 836 651 873 adfuit
673 838 702 884 II,
723 834 782 883 587..

66 887 92 925 de
108 899 148 938 qua
164 887 258 925 obsoleta
274 887 344 926 forma
356 890 423 939 (quae
439 887 495 938 fugit
510 901 529 928 v.
541 901 559 926 c.
577 891 620 929 Sos.
630 888 706 926 Charis.
717 901 737 936 p.
749 889 782 927 69.

65 940 103 987 1³.)
117 946 201 989 praeter
217 939 313 977 Priscian.
330 944 364 985 VI,
381 942 411 979 12.
427 941 447 989 §.
466 936 497 979 64.
512 942 545 988 (p.
564 940 608 978 707.
626 940 662 988 Ρ.)
678 945 698 976 et
712 939 783 979 valer.

66 991 160 1028 Probum
168 1003 188 1040 p.
200 990 256 1031 1476.
266 992 300 1039 Ρ.,
315 992 371 1029 conf.
387 992 477 1041 interpp.
489 991 515 1028 ed
529 991 622 1029 Macrob.
634 994 676 1028 Sat.
687 991 704 1038 1,
714 992 733 1031 9.
746 992 782 1041 (p.

65 1043 112 1090 238.
126 1041 183 1092 Bip.)
201 1041 225 1079 et
242 1042 324 1081 Sallust.
342 1043 420 1094 fragm.
435 1045 467 1092 (p.
478 1043 523 1083 963.
537 1044 603 1087 cort.)
616 1042 715 1081 Ruddim.
732 1045 783 1083 Inst.

67 1095 102 1134 Gr.
115 1095 131 1132 Ι.
146 1107 166 1141 ρ.
179 1092 223 1133 147.
236 1100 279 1140 not·
291 1096 324 1134 38.
337 1100 358 1132 et
369 1094 466 1133 Schneid.
475 1095 511 1133 Gr.
520 1095 564 1133 Lat.
576 1097 601 1133 H.
612 1108 633 1145 p.
645 1092 691 1135 466.

118 1146 164 1185 267.
191 1161 229 1198 qno
240 1142 330 1188 ,morton
344 1146 367 1183 in
382 1159 449 1184 unum
465 1146 618 1196 contrahenda,
632 1147 669 1184 sed
679 1144 783 1184 verhtsie

67 1197 207 1236 construenda
224 1208 277 1235 esse:
291 1196 314 1248 in
329 1197 391 1248 vulgo
407 1197 549 1247 animantum,
564 1211 605 1249 quo
618 1198 648 1237 vis
661 1197 738 1246 visere,
752 1203 784 1235 est

64 1245 121 1287 odor
130 1253 178 1297 etc„
190 1248 253 1286 facile
263 1255 356 1298 apparet.
376 1252 427 1288 Hav.
435 1255 507 1287 tamen
516 1260 566 1288 ‘oum
577 1249 633 1302 vulg.
644 1250 702 1290 editt.
712 1249 784 1288 scribit

81 1303 140 1340 novis
153 1299 210 1349 (scil.
223 1300 340 1345 animante)
355 1307 376 1339 et
389 1301 497 1353 coniungit
512 1305 578 1342 visere
588 1314 629 1352 est,
642 1303 656 1343 i.
669 1315 686 1341 e.
696 1312 783 1340 cernere

66 1316 124 1400 iicet,
137 1352 172 1390 oui
179 1352 256 1390 rationi
265 1352 371 1402 quomodo
382 1352 505 1391 nominativi
517 1357 573 1403 odor,
587 1356 649 1402 calor,
660 1369 722 1407 sopor
733 1366 784 1393 con-

66 1410 156 1458 gruant,
169 1416 212 1440 non
218 1403 286 1443 video.
425 1406 426 1409 ’

94 1475 97 1478 ⁴
118 1456 163 1496 272.
189 1453 279 1505 initum]
290 1454 356 1505 Lugd.
365 1457 449 1505 initam,
462 1453 511 1497 Ver.
520 1459 573 1496 Ven.
584 1458 676 1506 invitam,
689 1456 743 1496 Brix.
752 1460 785 1497 vi-

67 1519 121 1557 tam,
135 1506 184 1545 Brit.
197 1509 216 1546 1.
225 1519 308 1555 nutum,
321 1507 382 1545 Vind.
392 1507 469 1559 fragm.
480 1508 541 1547 Vind.
551 1508 601 1549 Brit.
614 1511 633 1548 2.
645 1516 666 1546 et
675 1513 729 1547 lunt.
743 1512 785 1549 ini-

67 1563 167 1606 tz'um‚ut
176 1557 240 1610 vulgo
250 1558 329 1606 editur,
342 1571 381 1607 per
390 1571 412 1596 se
422 1572 466 1597 non
481 1559 579 1598 deterius.
606 1561 646 1599 sed
661 1561 784 1600 melioribus
825 1585 827 1588 v

27 1625 33 1634 ³
66 1610 126 1650 libris
136 1609 300 1661 obsequendum.
327 1610 397 1655 (eonf.
411 1611 474 1649 etiam
484 1615 499 1659 Ι,
510 1609 555 1651 384.
568 1618 589 1650 et
600 1614 624 1660 ΙΙ,
633 1613 691 1663 269.)

119 1663 192 1703 7276.
199 1674 256 1713 seqq.
269 1662 331 1712 plura
341 1661 415 1711 inesse,
426 1675 478 1714 quae
488 1664 628 1714 suspicionem
637 1665 726 1703 excitare
736 1677 784 1717 pos.-

67 1712 118 1764 sint,
131 1713 189 1752 hunc
203 1713 275 1765 Iocum
291 1727 303 1752 a
314 1713 411 1752 Lucretio
427 1716 471 1765 ipso
488 1714 549 1753 aliter
559 1715 681 1767 profectum
693 1729 748 1766 esse,
761 1718 784 1756 in

66 1766 118 1804 Diss.
130 1777 177 1803 mea
186 1777 207 1814 p.
217 1766 243 1805 59
253 1778 278 1804 ss.
292 1766 436 1804 demonstrare
447 1766 522 1805 studui.

64 1830 66 1834 ·
119 1818 165 1857 280,
184 1817 213 1854 De
222 1817 287 1854 verbo
298 1819 362 1856 latere
372 1829 419 1855 cum
429 1817 498 1858 dativo
508 1824 651 1858 constructum
662 1820 718 1861 conf.
727 1819 785 1859 Rud-

67 1868 118 1909 dim.
131 1872 180 1910 Inst.
191 1870 226 1907 Gr.
239 1871 263 1908 Π.
275 1881 295 1918 p.
306 1867 350 1909 144,
360 1876 404 1908 not.
414 1870 446 1910 97.
618 1906 623 1908 .

119 1922 165 1961 281.
192 1923 273 1959 animae
283 1923 344 1972 quusi
352 1921 427 1970 totius]
441 1921 470 1959 sic
480 1921 540 1961 Wak.
549 1921 641 1959 restituit
651 1934 676 1960 ex
686 1921 784 1961 omnibus

63 1970 129 2018 'iibrisn
143 1971 204 2009 nobis
222 1971 322 2022 cognitis;
342 1972 447 2009 Lamhino*
461 1985 522 2020 vero,
542 1973 578 2022 qui
592 1973 705 2013 nonnullos
718 1975 784 2015 Godd.

68 2026 129 2076 qnasi
143 2024 239 2061 omittere
255 2022 362 2073 perhibet,
375 2035 419 2060 non
433 2024 511 2075 ubique
525 2024 577 2062 fides
585 2023 689 2066 habenda.
715 2027 784 2078 Vulgo

62 2074 137 2113 editur
147 2087 172 2112 ex
184 2074 357 2114 eiusdem-Lami).
367 2075 421 2113 coni.
431 2078 510 2114 animai
517 2079 588 2116 totins.

119 2126 165 2166 286.
192 2126 224 2176 ab]
239 2127 269 2165 ita
278 2126 339 2167 Wak.
352 2135 400 2165 cum
411 2127 508 2166 omnibus
516 2126 588 2177 libris3'
601 2128 663 2182 vulgo
674 2131 706 2181 de,
716 2141 740 2169 ex
752 2140 785 2169 ar·

66 2176 131 2217 bitrio
141 2178 243 2218 Lambini.
269 2182 272 2185 ’
300 2192 302 2196 ·

119 2230 165 2268 290.
193 2231 273 2281 acrius]
289 2230 402 2269 Lambinus
412 2229 438 2268 ob
448 2229 519 2268 locum
529 2231 658 2280 simillimum
667 2232 784 2286 Virg.1en.

68 2282 168 2329 xit-102.
180 2282 234 2320 coni.
242 2284 322 2323 acribus
331 2284 367 2335 *),
382 2282 438 2336 quod
450 2294 522 2321 omnes
532 2283 627 2331 editores,
641 2285 702 2324 Wak.
714 2285 784 2332 etiam,

69 2379 221 2392 ...ι-ιι...-

94 2434 118 2485 *)
145 2433 205 2524 Ftalpo
222 2435 279 2475 enim
296 2438 382 2479 Gerard.
400 2419 514 2494 lectionem
525 2440 605 2481 acribus
615 2439 659 2479 iam
671 2450 697 2477 ex
706 2437 752 2477 ild.
764 2439 783 2479 1.

62 2510 64 2513 .
119 2496 197 2528 enoa.
662 2520 664 2523 .
730 2515 732 2519 .
