1690 2654
91 102 139 147 ero
318 102 587 166 Arrornmoros

142 211 187 250 577.
213 211 279 250 nihilo
284 211 365 263 fertur]
374 211 435 252 Vind.
446 211 493 249 Brit
500 214 518 251 2.
524 214 544 252 3.
553 211 606 250 Brix.
616 214 665 251 Ver.
675 212 727 250 Ven.
738 211 783 250 Alo.
791 212 808 251 1.

92 267 140 301 Bon¹
152 263 207 299 niin'l
214 264 309 313 offertur,
325 265 395 314 (quod
406 271 477 313 aperte
489 277 514 300 ex
524 267 577 302 niln'l
589 266 667 315 osortur
676 266 765 311 ortum.)

142 314 187 353 578.
215 318 271 366 quo]
292 314 725 365 „VinaPoor.ssrit.1.[1unt.Ald.2]
742 331 808 367 quoni,

91 367 128 416 [ut
138 365 227 416 vulgo],
242 366 301 405 Cant.
313 371 374 418 quio,·
386 379 504 417 perperam.
530 367 585 405 ordo
597 372 627 404 est
639 372 660 404 et
669 366 809 404 constructio:

90 420 182 467 „Fertur
193 417 262 468 ligura
273 418 338 456 nihilo
349 420 439 468 maiore,
454 431 517 469 quam
530 421 645 472 eofiguro,
659 421 700 468 qui
710 433 755 456 enm
764 430 809 455 cer-

89 470 160 507 nimus
174 469 253 519 figuret,
267 470 350 507 videtur
365 482 408 507 esse
424 470 500 507 nostris
517 471 611 510 oculis,“
637 472 688 509 Hav.
697 483 739 506 non
750 476 809 506 recte

88 519 158 559 tenuit
173 533 230 567 rem3
247 521 297 559 dum
312 521 339 559 ad
350 523 412 561 oeulis
421 529 523 571 punctum
532 527 621 572 poneret
633 528 654 559 et
663 522 809 559 Burmannum

88 572 186 611 laudaret
195 572 222 610 ad
233 573 278 613 Val.
290 574 359 613 Flacc.
369 576 392 623 V,
403 575 456 624 325,
471 574 530 625 quasi
540 590 580 626 quo
590 578 625 613 uio
636 573 758 611 deberemus
770 585 812 623 per,

90 625 173 675 ellipsin
194 625 319 676 intelligere.
352 626 471 675 Nimirum,
489 626 598 662 Lucretius
615 640 674 676 quam
688 625 809 675 scripsisset,

88 677 129 714 nisi
144 689 184 714 vox
200 676 274 714 eadem
288 682 432 726 praecesserat
446 683 467 714 et
480 677 617 725 κακοφωνίαν
633 675 727 717 studeret
741 676 809 715 evita-

89 729 139 767 re.“
167 730 240 767 Wolt-

141 776 186 818 584.
214 784 335 831 Quantoque
345 790 424 831 quanto
435 788 477 827 esc,
491 781 539 818 irinc
551 779 624 827 nohis]
637 777 676 828 sic,
691 779 708 816 si
720 778 770 830 quid
778 778 809 816 vi-

89 832 141 878 deo,
154 829 269 868 rectissime
281 831 356 868 Eichst.
367 830 443 880 edidit,
458 831 516 868 cuius
527 830 590 868 lectio
600 843 663 882 quam
672 833 763 868 maxime
774 844 809 869 ac-

89 883 145 922 cedit
155 882 219 933 Lugd.
227 885 245 921 1-
252 884 271 921 2.
283 882 340 921 ssodl,
355 884 437 929 (leonto
447 898 525 936 quoque
536 894 614 935 quanto
624 893 661 928 est,
674 882 730 920 unde
739 882 809 929 Wak,

88 934 175 973 vocibus
184 933 326 984 transpositis,
339 934 391 971 fecit
406 939 488 984 Quanto
500 949 579 987 qnoque
589 944 620 972 est
630 946 718 987 quanto,
730 933 753 971 in
765 935 810 985 qui·

89 988 128 1025 bus
137 986 190 1023 illud
201 1001 279 1038 quoque
290 999 333 1022 non
343 999 380 1022 suo
390 986 438 1023 loco
452 986 541 1023 videtur.
570 991 663 1035 (luiturus
674 998 762 1037 quantus
771 998 808 1022 au-

89 1045 134 1075 tem
149 1037 176 1084 (i.
190 1050 207 1076 e.
222 1040 407 1087 quantuscunque)
423 1038 515 1075 occurrit
530 1037 593 1075 etiem
605 1039 652 1074 Ter.
667 1038 754 1087 Adelph.
767 1038 807 1084 Ill,

89 1091 109 1136 3,
120 1089 152 1128 lo,
165 1095 186 1126 et
197 1090 247 1126 Hor.
259 1091 300 1128 Sat.
313 1092 328 1136 I,
340 1090 359 1135 3,
370 1091 411 1133 88.‚
426 1102 477 1139 quos
492 1089 551 1127 locos
566 1088 627 1128 Wak.
642 1088 711 1127 affert
738 1089 808 1126 Ceteri

89 1141 139 1178 libri
153 1140 182 1177 sic
195 1140 287 1177 variant:
301 1140 361 1177 Vind.
374 1143 422 1177 Ver.
431 1143 482 1179 Ven.
496 1146 576 1191 Quanto
585 1155 662 1194 quoque
672 1151 750 1194 quanto
760 1150 809 1179 sunt

90 1196 139 1231 hinc
153 1194 222 1236 nobis,
236 1190 281 1229 Ald.
294 1193 311 1229 1.
321 1194 372 1229 Bon.
383 1195 436 1228 lunt.
448 1197 567 1245 Quantoque
577 1197 605 1230 sit
615 1195 672 1230 nobis
684 1204 744 1230 tanto
754 1195 808 1239 hinc,

90 1243 137 1281 Ald.
146 1244 165 1281 2.
180 1248 201 1280 et
210 1256 265 1280 varr.
277 1242 336 1280 lectt.
348 1243 402 1280 qut.
417 1247 499 1292 Quanto
511 1259 590 1296 quoque
602 1254 633 1282 ert
645 1254 705 1282 ronta
716 1246 763 1282 hino
772 1259 808 1283 no·

90 1297 128 1342 lis,
142 1294 205 1332 Poor.
215 1293 271 1334 Brir.
284 1294 367 1340 Onorzto
377 1309 456 1347 quoque
463 1306 511 1334 sunt
521 1297 569 1334 hinc
577 1296 642 1344 nobis,
655 1295 704 1333 Brit.
711 1296 729 1334 1.
741 1300 808 1346 Quon-

90 1359 152 1399 toque
163 1349 190 1383 sit
200 1356 260 1383 tanto
271 1347 318 1383 irinc
329 1347 398 1394 nobis,
417 1346 467 1392 urit.
476 1348 495 1385 2.
509 1352 589 1396 Quanto
602 1353 680 1399 quoq'ue
692 1359 808 1399 quantoque

89 1403 131 1437 sint
148 1400 196 1436 lunc
210 1399 279 1446 nohis,
296 1396 346 1435 Brit.
358 1399 377 1437 3.
396 1402 517 1450 Quantoque
528 1413 619 1450 quaeque
628 1401 732 1437 ennelino
743 1402 808 1445 notis,

90 1451 151 1488 Cant.
169 1449 288 1501 Quantoque
303 1460 351 1488 sunt
366 1461 426 1488 tuoto
434 1452 482 1488 lu'no
492 1451 561 1496 nobis3
582 1450 623 1488 duo
634 1449 723 1500 denique
733 1450 807 1488 Lemb.

90 1500 164 1548 Codd,
177 1502 194 1538 si
204 1500 301 1539 collatori
313 1501 344 1538 fas
354 1508 385 1552 est
395 1500 493 1551 credere,
509 1506 591 1551 Quanto
603 1516 680 1555 quoque
691 1501 806 1552 hoeosuot,

88 1554 145 1591 unde
153 1554 234 1601 Lamh,
244 1554 326 1589 Mureto
337 1566 427 1601 suasore,
438 1554 491 1590 fecit
499 1553 607 1603 vulgarem
617 1553 729 1590 lectionem
740 1560 808 1604 Quon-

91 1618 114 1644 ια
123 1609 173 1644 hoec
184 1620 261 1657 cunque
267 1604 330 1657 funt,
344 1608 461 1643 tantalino
472 1607 514 1643 vid.
525 1611 565 1644 etc.
586 1603 654 1642 Gifan,
668 1610 748 1653 Quanto
759 1620 808 1657 quo·

90 1673 127 1708 que
143 1657 194 1694 hoec
203 1656 268 1707 suot,
282 1667 343 1696 tanto
359 1663 398 1694 etc.
426 1658 477 1697 Hav.
493 1661 573 1707 Quanto
588 1671 666 1709 quoque
676 1657 807 1709 hoecfuuut,

90 1720 151 1747 tanto
166 1713 205 1747 etc.

141 1759 187 1797 586.
215 1760 374 1811 quosquumque]
394 1758 445 1796 Brit.
460 1760 479 1797 Ξ.
500 1774 609 1811 quousque.
626 1780 653 1786 -
670 1758 749 1811 igneis]
767 1770 807 1795 vox

89 1810 150 1848 abest
159 1822 171 1846 a
184 1809 244 1847 Vind.
255 1810 304 1850 Brit.
312 1812 329 1848 1.
336 1812 354 1849 2.
368 1810 423 1849 Brir.
436 1811 484 1848 Ver.
494 1812 546 1849 Veri.
556 1810 600 1851 Alo.
612 1811 630 1851 1.
642 1812 703 1860 Bon,
718 1815 738 1846 et
748 1811 807 1849 Poor.

91 1863 151 1900 Cant.
163 1861 290 1899 substituunt
301 1864 382 1911 horum,
395 1862 447 1902 Brit.
453 1863 473 1902 3.
484 1874 533 1900 vero
544 1877 598 1911 esse,
613 1861 668 1912 quod
677 1861 806 1900 Wakefieldo

88 1912 215 1965 praeplacet.

140 1963 186 2003 587.
213 1965 280 2015 Dum]
296 1966 357 2003 Poor.
372 1964 427 2003 Brix.
440 1970 540 2017 Dumque.
554 1987 579 1993 —
593 1976 624 2003 est
640 1963 769 2001 desideratur
784 1963 807 2000 in

89 2016 154 2066 Lugd.
161 2018 203 2055 12-
213 2016 274 2056 Vind.
285 2017 333 2056 urit.
341 2019 383 2056 le.
394 2016 448 2055 Brix.
460 2018 508 2057 Ver.
518 2018 569 2055 Ven,
579 2015 720 2062 Ald.1.u0n.;
734 2014 806 2054 urite,

88 2068 152 2106 hahet
165 2078 193 2106 el.

141 2120 186 2158 588.
213 2120 350 2172 Perporoum]
366 2119 427 2156 Vinci.
439 2120 487 2156 Ver.
497 2120 550 2159 Ven.
566 2124 606 2159 Per
618 2134 697 2171 porum.
711 2140 737 2147 —
750 2121 807 2158 uide·-

90 2183 135 2220 tur,
149 2183 224 2222 nempe
231 2174 299 2222 filum.
327 2173 360 2209 Sic
371 2171 430 2210 Wak.
443 2172 595 2221 complurimis
606 2172 670 2208 libris.
696 2171 764 2222 Vulgo
774 2175 807 2210 oi-

90 2226 174 2267 dentur,
188 2223 243 2261 utin
254 2223 319 2275 Lugd⁴
329 2225 349 2263 2.
363 2223 423 2262 Vind.
438 2222 466 2271 (si
483 2223 617 2262 collatoribus
629 2223 681 2261 fides
694 2222 805 2272 habenda)

90 2279 111 2313 et
121 2276 175 2313 lunt.

141 2326 186 2363 589.
212 2328 305 2365 Alreroru
322 2326 399 2376 utram]
417 2326 447 2363 sic
462 2325 523 2363 Wak.
540 2338 589 2364 cum
606 2325 671 2377 Lugii.
683 2327 700 2364 1,
713 2327 732 2364 2.
748 2325 805 2364 Bodl.

88 2377 150 2415 vind.
165 2379 222 2414 Ceut.
236 2379 290 2415 Brix.
301 2382 348 2415 Ver¹
360 2381 411 2415 Ven.
428 2378 454 2414 ad
469 2378 609 2428 antiquiorem
622 2378 726 2414 scribendi
742 2378 807 2414 ratio-

88 2443 149 2475 nem3
164 2428 262 2477 idemque
273 2429 317 2465 vult
329 2432 389 2468 Poor.
404 2432 478 2469 Altero
492 2442 571 2476 utrm,-
585 2429 650 2467 ceteri
660 2429 709 2467 libri
720 2432 806 2468 Alteru-

89 2495 149 2530 trum,
159 2486 182 2518 ut
189 2479 251 2532 uulgo
263 2480 337 2520 editur.
349 2503 374 2510 -—
385 2482 453 2520 Verba
466 2496 505 2534 quo
517 2482 599 2534 longius
610 2484 663 2522 ulcu
675 2480 726 2529 (scil.
737 2480 805 2530 iilum]
