1690 2654
48 104 97 150 212
265 102 543 144 ANNOTATIONES

47 215 189 265 disputaturus
204 210 289 261 fuisset,
304 211 393 259 ossium,
407 212 510 250 ‘viscerum
523 215 543 249 e't
553 212 658 263 sanguinis
670 228 763 256 comme-

49 266 138 311 moratio
151 277 193 301 non
201 265 277 301 -minus
289 264 357 301 aliena
368 270 432 311 esset3
449 271 470 302 et
479 264 536 315 quod
544 278 563 302 v·
576 266 621 304 853.
635 267 722 316 attinet,
736 268 763 306 ad

50 329 111 367 quem
120 316 185 359 Benti.
196 322 304 364 provocat,
318 316 390 353 inhoc
399 317 506 365 superiora
516 317 600 354 omnino
609 330 654 354 non
664 324 708 356 tam
718 320 762 369 ple-

1 395 6 403 .
48 380 74 406 ne
88 374 108 404 et
121 375 218 405 accurate
227 374 362 418 repetuntur,
376 375 400 404 ut
411 381 453 405 non
464 368 511 406 Ioco
525 368 577 405 alius
587 368 688 406 materiae
699 383 762 419 supra

19 416 26 423 '
48 419 116 470 dictae
133 419 167 456 hic
184 419 225 456 alia
243 420 406 457 commemorari
421 420 497 469 possit,
510 420 571 458 aliter
584 420 640 457 enim
651 420 686 458 hic
699 423 762 458 etiam

47 474 126 510 viscera
141 478 162 507 et
177 471 231 509 vterra
243 472 319 509 iterum
334 472 405 509 afferri
418 471 546 511 debuissent·
565 472 655 525 (Accedit
665 473 761 523 denique,

48 522 104 573 quod
119 525 181 571 potia
196 531 267 560 noster
277 523 327 560 alibi
339 525 400 559 etiam
413 536 487 560 aurum
497 524 518 560 in
529 523 647 573 exemplum
658 524 762 562 adducere

48 580 105 611 amat
119 575 189 621 (conf.
204 577 220 621 I,
234 573 279 614 493.
293 577 319 622 II,
329 576 374 614 829.
388 576 421 621 VI,
431 576 475 614 950.
488 578 551 621 εἵως
573 588 626 625 quae
644 576 715 613 omnia
727 588 761 614 me

48 632 144 669 movent,
157 633 182 663 ut
191 626 222 663 'de
237 626 302 666 Codd.
316 626 439 664 lectionibus
456 626 491 664 hic
509 626 647 665 dubitandum
663 630 761 666 esse‘non

49 677 171 718 existimem.
522 677 524 680 ’
746 708 747 711 ,
766 695 767 698 =

100 727 144 767 611.
172 729 257 781 Ignibus
270 743 295 766 ex
310 728 389 779 igneis]
406 726 436 765 sic
452 728 495 764 iam
509 729 582 767 Lamb.
598 728 665 766 edidit
675 741 686 766 e
697 730 760 768 Codd.

31 807 33 809 .
47 792 86 830 pro
101 779 182 830 vulgari
199 784 269 829 Ignem
282 794 307 815 ex
320 780 411 829 ignibus,
428 780 461 815 cui
474 791 498 815 ex
514 780 571 817 editt.
582 787 633 822 vett.
649 780 695 819 ΑΜ.
707 784 725 821 1.
741 787 762 819 et

26 858 28 866 .
47 834 98 868 Bon.
112 829 195 874 faverim
209 843 259 867 nam
274 831 355 880 ignibus
369 832 461 881 exiguis,
477 830 533 880 quod
548 831 602 870 Brito
619 834 671 869 Iunt.
683 833 728 872 Aid.
740 835 760 872 2.

48 881 158 929 exhibent,
172 881 224 918 nihil
242 880 298 918 aliud
306 887 352 927 est,
366 879 431 930 quam
440 887 490 918 ver'a
498 881 535 918 iila
544 882 608 920 lectio
619 895 631 919 a
642 883 716 921 Lamb.
727 896 761 921 re-

48 939 116 982 cepta.
137 932 203 969 Haud
216 945 264 969 raro
279 932 334 968 enim
347 933 454 969 Lucretius
468 934 646 983 praepositionem
655 935 761 983 postponit

49 997 85 1021 suo
102 985 170 1032 casui,
190 985 318 1021 Graecorum
333 985 443 1034 po'e'tarum
459 997 525 1023 more.
540 985 599 1033 (Vid.
617 985 644 1022 ad
660 987 685 1034 II,
701 987 760 1035 791.)

47 1037 225 1086 Praepositionem
235 1052 259 1074 ex
268 1048 325 1080 vero,
337 1047 390 1084 quae
401 1035 462 1086 vulgo
473 1042 521 1073 ante
531 1038 646 1075 humoribus
655 1036 759 1085 inseritur,

48 1087 108 1125 Wak.
126 1088 206 1138 primus
222 1086 302 1134 omisit,
322 1086 385 1123 Codd.
400 1087 467 1137 Lugd.
485 1090 502 1126 1.
518 1090 538 1128 2.
556 1089 611 1126 Gott.
627 1088 687 1129 Vind.
699 1089 759 1126 Cant.

48 1139 98 1177 Brit.
111 1142 128 1179 1.
138 1142 157 1178 2.
169 1141 188 1179 3.
202 1139 325 1183 auctoritate
336 1144 411 1181 motus,
425 1137 520 1189 aquibus
530 1152 573 1176 non
583 1139 690 1177 discedunt
701 1139 758 1178 editt.

49 1192 102 1228 Brix.
113 1193 162 1227 Ver.
174 1194 225 1228 Ven.
238 1193 291 1227 lunt.
300 1188 344 1235 nid.
357 1191 376 1227 2.
757 1232 759 1236 y

100 1241 145 1282 816.
172 1243 229 1281 olleis
237 1245 302 1288 ini-ta,
316 1243 379 1292 quos]
393 1238 423 1276 sic
433 1238 508 1277 diserte
521 1240 571 1279 Cod.
581 1240 629 1279 Brit.
639 1242 670 1288 3.,
683 1252 707 1279 ex
717 1254 758 1292 quo

47 1293 107 1332 Wak.
123 1293 209 1344 recepit.
235 1295 282 1331 Non
296 1291 356 1329 vaide
372 1290 491 1340 discrepant
506 1292 564 1331 Gott.
578 1294 621 1330 illis
634 1295 670 1331 uix
683 1308 697 1330 a
710 1308 758 1346 quo,

46 1344 96 1383 Brit.
111 1347 166 1383 1⁴2.
187 1346 229 1381 illis
244 1347 291 1381 iuro
309 1358 369 1395 qnos,
388 1343 446 1378 Bodi.
458 1342 516 1380 Viud.
528 1344 582 1379 Bria.
595 1345 643 1380 Ver.
657 1345 699 1381 illis
712 1348 759 1382 iura

47 1398 111 1450 quod,
126 1395 192 1446 Ligu.
206 1397 223 1433 1.
242 1396 284 1433 illis
298 1398 346 1432 uim
361 1396 425 1446 qnod,
440 1393 533 1443 Lugdss.
547 1396 579 1433 illi
589 1395 647 1433 sidtu
659 1409 709 1446 qu05
723 1394 759 1446 qui

47 1459 120 1486 omnes
134 1454 181 1484 sunt
197 1445 262 1483 iidem
277 1444 386 1482 literarum
404 1444 487 1482 ductus.
512 1446 634 1495 Corruptius
646 1446 694 1484 edit.
707 1448 758 1484 Ven.

47 1500 90 1539 illis
106 1502 138 1538 uir
152 1501 175 1537 in
192 1513 261 1550 quem,
276 1502 297 1533 et
310 1499 360 1534 Bon.
373 1496 419 1547 ΑΜ.
438 1498 489 1537 12.
503 1496 560 1544 lunt.⁴
572 1498 614 1535 illis
626 1512 687 1548 supra
698 1501 758 1550 quod,

45 1563 100 1602 quae
112 1549 204 1601 vulgaris
218 1548 281 1587 lectio
295 1548 359 1586 facta.
386 1549 415 1584 De
428 1554 527 1598 receptae
538 1553 608 1585 autem
619 1547 714 1587 lectionis
723 1563 758 1587 ve-

45 1602 110 1639 ritate
125 1603 159 1639 vix
175 1607 245 1651 potest
261 1599 363 1645 duhitari3
381 1612 431 1636 nam
445 1600 494 1636 setis
510 1606 585 1637 notum
595 1605 636 1645 est,
650 1602 708 1640 iuxta
719 1601 758 1639 ad-

46 1653 167 1691 verbialiter
183 1652 286 1702 positum,
304 1650 410 1687 interdum
426 1650 490 1687 etiam
503 1652 566 1688 tertio
583 1650 638 1687 casui
652 1650 721 1702 iungi,
733 1658 759 1689 ut

47 1703 133 1740 Sallust.
146 1707 190 1752 Ing.
206 1716 224 1740 c.
241 1705 273 1742 72.
286 1710 307 1739 et
318 1702 350 1740 95.
363 1701 407 1741 Liv.
420 1704 494 1746 XXIV,
511 1705 541 1741 19.
557 1704 574 1751 ἓ.
591 1704 609 1740 6.
628 1708 667 1738 etc.
681 1703 757 1750 (Conf.

46 1754 110 1793 Prisc.
125 1755 205 1798 XVIII,
215 1754 249 1793 2&
261 1753 295 1803 [p.
307 1753 408 1801 117e.1³.]
422 1752 485 1792 Perit.
500 1753 526 1791 ad
538 1751 615 1791 Sanctii
628 1752 677 1791 Min.
693 1754 710 1803 1,
727 1757 757 1795 16.

46 1819 68 1858 p.
82 1803 126 1847 145.
140 1804 238 1844 Ruddim.
248 1807 297 1842 Inst.
309 1805 344 1843 Gr.
352 1804 378 1843 II.
389 1816 409 1853 p.
420 1804 480 1853 332.)

98 1859 143 1897 852.
170 1856 268 1909 effugiat]
288 1855 372 1903 „Codd.
383 1856 447 1906 Lugd.
457 1858 474 1894 1.
482 1858 500 1894 Q,
514 1857 570 1895 Gott.
580 1856 639 1892 Cant.
651 1855 699 1894 edit
707 1859 755 1896 Ver.

49 1910 82 1958 [et
92 1909 156 1958 Brun]
169 1910 261 1958 efficiam
275 1908 311 1945 sed
320 1907 382 1956 plane
391 1907 514 1953 incredibile
525 1914 566 1955 est,
580 1905 701 1945 mendosam
713 1920 756 1946 esse

46 1968 153 2009 receptam
168 1960 294 2006 dictionem,
313 1957 352 1996 nisi
366 1958 417 2008 quid
432 1958 548 2004 sublateat,
567 1957 601 1995 cui
616 1958 756 2008 protrahendo

47 2018 129 2050 nosmet
139 2013 178 2062 ipsi
193 2025 236 2050 non
251 2012 344 2050 sumus.“
358 2013 390 2049 W
393 2012 431 2049 at.
459 2009 561 2055 Quod‘vix
570 2009 698 2059 putaverim
711 2011 755 2050 imo

46 2061 111 2100 tectio
122 2064 231 2103 editvez'n.
242 2064 326 2117 effigiat
336 2061 481 2099 demonstrare
491 2061 578 2108 videtur,
592 2061 697 2111 quomodo
709 2076 756 2102 cor-

46 2120 109 2162 rupta
123 2115 159 2153 illa
174 2122 220 2153 orta
235 2117 268 2155 sit.
282 2117 307 2144 -’
321 2113 426 2162 dentibus]
441 2112 571 2151 coddr'ssn't.
586 2114 604 2152 1.
622 2114 641 2153 2.
661 2117 755 2163 tentibus,

46 2164 102 2204 Brit·
110 2167 129 2206 3.
144 2169 257 2216 utentibus,
279 2166 329 2205 edit.
346 2165 397 2203 Brit.
411 2165 511 2213 centibus,
530 2163 585 2201 unde
599 2164 627 2217 in
639 2167 685 2206 ter.
702 2168 753 2207 Ven,
771 2192 772 2195 =

45 2217 180 2261 BonkAldsst.
188 2221 206 2259 2.
218 2220 272 2260 lunt.
287 2219 376 2257 coetibus
385 2217 473 2254 factum.

101 2270 144 2307 853.
170 2273 197 2306 Ut
208 2268 247 2308 no's
263 2283 311 2308 cum
324 2268 385 2307 Wak.
400 2266 513 2314 edidimus,
528 2273 622 2306 exaratus
632 2267 710 2320 legitur
718 2269 754 2308 hie

46 2317 76 2362 vs'.
87 2319 109 2358 in
117 2317 179 2360 'editt
189 2324 242 2361 lunt.
253 2329 274 2359 et
284 2320 329 2360 Ald.
339 2322 365 2368 2,,
380 2318 436 2357 haud
446 2317 508 2355 dubie
517 2318 629 2360 verissime.
655 2321 754 2373 Reliquo-

44 2385 95 2413 rum
110 2371 211 2411 librorum
225 2373 326 2412 lectiones
340 2371 371 2409 sio
385 2383 406 2408 se
422 2370 512 2407 habent:
534 2369 599 2409 Codd.
615 2373 680 2425 Lugd.
696 2376 715 2413 1.
731 2376 752 2413 2.

46 2425 107 2462 cant.
120 2428 219 2472 sanguis?
232 2441 260 2465 cn
274 2440 307 2472 os,
325 2422 381 2475 quod
396 2424 446 2461 Hav.
459 2421 551 2471 recepit,
564 2423 650 2472 fflaeresi
664 2424 686 2461 in
699 2437 752 2462 voce

46 2478 133 2531 cangut's
151 2473 207 2515 facta
222 2484 243 2516 et
259 2487 331 2515 errore
347 2472 436 2513 metrico
454 2472 476 2511 in
484 2473 592 2523 particula
607 2492 635 2517 an
650 2476 751 2525 admiss03
