1690 2654
61 117 111 164 tte
280 116 561 161 tuuottulouus

113 227 159 267 258·
187 225 232 266 alid
242 228 315 280 auget]
332 227 361 266 sic
372 228 434 268 Walt.
446 234 468 266 et
480 229 556 267 llichst.
569 227 748 279 oumLugd.1·2.
761 233 782 266 et

62 278 116 330 vulg,
127 277 196 325 editt.;
211 279 345 318 Lemurem
360 280 393 330 (iu
404 280 516 319 seriorilms
529 280 599 329 editt.)
616 280 686 318 Gifan.
699 286 720 317 et
730 282 782 318 llav.

61 334 111 377 ulit,
125 341 187 382 auget
199 329 328 379 ἀσυνδὲτως,
341 332 436 382 inprimis
448 333 475 370 ob
485 347 505 371 v.
516 334 562 374 323.
573 332 636 369 huius
646 330 701 370 libri.

113 383 158 421 259.
185 384 287 433 Raditur]
301 383 414 436 Vulgarem
425 397 475 422 cum
484 384 561 423 Eichst.
571 384 657 431 servavi,
667 395 728 435 quae,
739 382 783 420 sive

61 434 145 472 Marulli
161 433 188 471 sit
205 435 329 478 coniectura
343 439 405 486 (nam
416 435 438 473 in
448 439 502 475 tunt.
511 436 604 486 primum
616 437 727 486 apparet),
741 434 783 472 sive

61 484 144 523 Codicis
161 486 270 524 cuiusdam
287 487 363 536 lectio,
377 488 483 538 aptissima
495 488 585 527 videtur.
612 488 672 527 Walt.
685 499 696 524 e
707 486 784 524 ceteris

60 537 119 575 libris
129 537 225 576 omnihus
237 538 303 576 edidit
314 542 427 585 Redditur,
442 541 499 591 quod
510 552 548 591 per
559 542 676 579 restituitur
688 538 783 589 explicat.

60 595 98 637 At,
112 589 130 627 si
140 590 293 636 concedamus,
309 592 431 630 Lucretium
441 604 494 629 voce
506 594 589 632 reddere
599 591 641 630 hoc
652 603 713 629 sensu
723 602 785 628 usum

61 641 140 687 luisse,
159 654 183 679 eo
201 648 272 679 tamen
288 642 341 679 haec
354 643 418 680 lectio
433 643 549 692 refellitur,
569 643 625 693 quod
642 642 664 679 iu
679 641 784 693 prioribus

62 694 144 730 duobus
160 693 268 742 exemplis,
284 693 360 742 quihus
375 694 428 730 haec
439 695 542 731 sententia
550 706 589 743 per
599 699 710 733 Praeterea
721 705 785 731 anne-

63 745 137 793 ctitur,
152 744 177 781 de
191 744 269 781 amissis
279 742 342 781 modo
355 750 376 781 et
387 743 486 793 perditis,
499 757 542 782 nou
553 745 579 782 de
592 744 693 782 restitutis
706 757 785 794 corpo-

61 808 111 834 rum
122 795 231 846 particulis
244 807 313 833 sermo
323 795 370 834 fuit.
397 795 493 833 Eiusdem
505 808 555 834 vero
568 795 666 834 vocabuli
677 796 786 847 repetitio-

61 860 112 885 nem
128 846 151 884 in
166 847 259 885 versibus
270 859 292 884 se
303 847 453 899 excipientibus
462 853 566 887 attentum
576 847 669 887 Lucretii
681 848 785 887 lectorem

62 911 106 937 uon
115 905 185 949 potest
197 899 311 940 offendere.
365 910 369 914 ·
389 941 392 951 .

114 953 160 989 261.
188 950 276 1000 libatur]
291 950 374 999 Briut.
387 955 413 992 „et
427 949 483 989 Brix.
497 951 591 997 [abutum
604 951 678 991 Lamb.
695 956 716 990 et
727 949 785 1001 vulg.

64 1001 122 1041 editt.
134 1004 225 1050 limetur,
238 1009 313 1040 contra
322 1001 395 1051 libros,
408 1015 499 1054 quorum
508 1003 622 1042 lectionem
631 1005 681 1042 Hav.
693 1008 715 1041 et
724 1002 785 1041 wau.

62 1054 110 1092 iure
122 1054 265 1091 restituerunt.
280 1054 338 1102 (trid.
348 1053 375 1090 ad
384 1055 424 1100 ΙΙΙ,
435 1055 480 1103 ll.)

115 1107 161 1144 266.
188 1108 209 1143 iu
221 1121 309 1152 summe,
323 1106 337 1142 i.
348 1105 479 1156 edentque,
493 1105 620 1144 utbreviter
632 1111 652 1144 et
663 1103 786 1143 summatim

64 1156 146 1204 dicam,
161 1156 340 1207 quemadmodum
349 1159 383 1202 ΙΙΙ,
395 1155 439 1205 84.;
453 1157 492 1194 nisi
503 1157 563 1195 malis
575 1164 707 1196 construere:
721 1162 742 1194 et
753 1156 785 1205 fit,

64 1214 88 1247 ut
98 1207 119 1245 in
129 1219 211 1245 summa
225 1208 252 1254 (i.
264 1219 281 1244 e.
294 1207 316 1245 in
325 1208 435 1256 universo)
449 1208 525 1245 humor
535 1208 588 1245 nihil
598 1209 697 1246 abundet.

115 1261 161 1298 267.
186 1270 289 1297 verrentes
305 1274 394 1311 aequora
410 1260 490 1309 veutei]
507 1260 569 1298 Conf.
584 1261 609 1308 V,
625 1262 671 1300 389.
685 1258 736 1307 (ubi
750 1257 786 1295 hic

63 1323 135 1349 versus
147 1322 195 1347 cum
207 1316 308 1361 sequente
317 1310 417 1358 iteratur]
433 1317 454 1349 et
465 1312 500 1361 Vt,
514 1310 571 1361 625„
585 1324 625 1350 nec
636 1311 704 1350 minus
714 1313 729 1361 l,
739 1311 786 1350 280.

64 1368 86 1402 et
96 1362 122 1411 V,
134 1363 190 1403 1226.
204 1361 262 1414 Virg.
275 1364 326 1403 Geo.
338 1365 372 1412 tu,
381 1365 427 1403 201.
442 1366 491 1405 Aen.
503 1364 520 1410 I,
527 1359 562 1403 1¹39.
573 1362 614 1402 etc.
684 1395 686 1397 ,

115 1417 161 1455 268.
189 1416 328 1463 Deminuuru]
341 1415 371 1452 sic
383 1415 472 1452 editores
481 1415 614 1463 rectissime,
628 1413 722 1467 quamvis
732 1424 786 1451 unus

63 1465 127 1506 modo
138 1466 189 1506 Brit.
201 1469 218 1506 1,
235 1466 285 1504 huie
299 1466 387 1504 lectioni
400 1467 482 1514 faveat3
497 1466 563 1511 ceteri
573 1466 622 1504 libri
637 1479 708 1504 omnes
719 1467 787 1505 Dimi-

63 1530 135 1559 uuunt.
151 1518 223 1567 (Coni.
234 1518 290 1557 infra
300 1515 370 1558 vett.
381 1525 401 1556 et
409 1518 450 1557 vid.
461 1518 488 1556 ad
498 1522 522 1564 ΙΙ,
529 1520 574 1558 316.
580 1518 625 1558 395.
631 1516 676 1558 742.
682 1516 727 1558 924.
736 1516 785 1564 ete.)

116 1572 162 1611 269.
190 1571 280 1621 diditur]
295 1570 360 1621 Lugd.
371 1571 390 1609 1.
403 1570 461 1608 Bodl.
473 1569 533 1607 Vind.
544 1570 593 1610 Brit.
605 1571 624 1608 2.
637 1572 655 1608 3.
671 1570 724 1606 Brix.
735 1572 786 1609 Ver.

64 1622 116 1661 Vett.
131 1624 237 1661 diuiditur.
264 1622 323 1671 (Vid.
334 1622 361 1658 ad
372 1626 406 1669 tlt,
418 1621 476 1670 703.)

117 1674 159 1711 Vss.
171 1675 210 1712 uto
218 1675 290 1713 -273,
317 1672 403 1724 singulis
419 1670 543 1725 quibusdam
556 1671 625 1712 verbis
638 1668 712 1710 variati
726 1681 787 1720 repe·

65 1725 181 1771 tuntuer,
193 1726 313 1764 636—639.
389 1742 390 1745 ¹

118 1777 163 1815 273.
191 1775 259 1826 tectu]
273 1776 323 1815 Brit.
334 1777 353 1818 2.
368 1786 434 1829 septa.
446 1796 473 1804 -
486 1775 572 1825 detulit]
588 1775 635 1815 Ver.
647 1775 699 1813 ven.
710 1771 756 1813 Ald.
768 1773 787 1812 1.

65 1829 117 1866 Bon.
129 1828 206 1866 retulit·
484 1828 486 1830 ’
566 1846 568 1850 ’

117 1878 163 1919 274.
190 1879 253 1931 quid]
266 1878 280 1917 i.
291 1891 308 1919 e.
319 1878 341 1917 in
353 1884 466 1932 quantum,
480 1873 531 1918 καθ’
544 1872 604 1925 ὅσον,
618 1885 643 1916 ut
652 1875 713 1918 Wak.
723 1874 788 1914 inter·

65 1936 168 1982 pretatur,
184 1931 219 1981 qui
231 1933 261 1968 sio
272 1931 363 1969 restituit
373 1944 397 1969 ex
409 1930 505 1969 omnibus
516 1930 561 1969 fere
570 1929 636 1968 libris.
663 1930 731 1980 Vulgo
743 1930 787 1982 qui,

66 1983 122 2020 utin
135 1984 188 2021 Iunt.
201 1989 221 2019 et
231 1982 275 2021 ult.
287 1985 307 2021 2.
791 1983 794 1985 “

119 2034 165 2073 275.
191 2034 274 2087 priuos]
289 2034 338 2072 urit.
349 2035 369 2074 3.
383 2037 469 2087 primus.
483 2051 507 2063 ·-
522 2035 544 2072 in
558 2032 632 2083 horos]
647 2031 708 2071 Vind.
726 2032 788 2070 Poor.

68 2087 126 2124 Cant.
140 2085 193 2123 urii.
205 2085 250 2125 Ald.
263 2087 282 2125 1.
294 2088 313 2126 2.
326 2089 375 2125 lton.
385 2089 438 2123 luut.
450 2088 473 2124 in
484 2099 542 2132 orus,
556 2088 605 2123 Ver.
618 2085 668 2124 Veu.
679 2098 753 2123 mores.

120 2138 165 2176 277.
191 2140 251 2175 Aeris
266 2137 334 2187 mure]
349 2137 382 2173 sie
393 2138 469 2187 Ennius
482 2136 538 2185 apud
549 2135 642 2173 Nonium
653 2137 736 2180 titur.
752 2135 788 2183 (p.

67 2188 114 2227 286.
126 2189 216 2236 Hessel.)
231 2190 282 2227 coeli
285 2190 372 2242 fretum,
383 2188 482 2238 idemque
493 2187 549 2237 apud
559 2188 618 2226 Varr¹
627 2187 788 2235 L.L.Vt.p.90.

68 2239 112 2290 Rip.
127 2241 210 2287 (utut.
218 2242 289 2288 lless.)
298 2239 380 2290 fretum
394 2241 507 2279 caeruleum
520 2238 559 2288 (de
570 2239 630 2277 coelo
641 2239 785 2288 usurpatum.)

121 2292 166 2329 281.
194 2292 305 2343 Recidere]
322 2292 388 2341 Lugd.
397 2294 439 2331 tu.
452 2292 514 2328 Poor.
524 2294 645 2341 Remum,
660 2290 704 2327 sine
714 2300 787 2334 causa;

68 2345 123 2382 lunt.
133 2344 244 2391 Recidere,
261 2356 285 2380 ex
295 2344 368 2381 eadem
376 2342 402 2380 de
409 2349 476 2380 metro
487 2342 633 2380 sollicitudine.
653 2340 708 2389 (Sed
719 2340 788 2386 videl,

69 2396 114 2434 857.
122 2395 180 2432 1062.
189 2400 228 2431 etc.
240 2402 260 2431 et
270 2398 388 2434 Buttmann.
399 2395 421 2432 in
431 2394 526 2432 Solmeid.
541 2394 578 2434 Gr.
589 2395 634 2434 Lat.
646 2394 661 2430 t.
673 2402 693 2442 p.
704 2391 787 2439 595ss.)

119 2445 165 2484 983.
192 2445 280 2495 receuti]
294 2446 323 2484 sic
338 2446 404 2497 Lugd.
414 2449 433 2486 2.
443 2459 455 2482 a
466 2445 557 2483 secunda
566 2457 642 2492 manu,
656 2445 717 2481 Poor.
729 2444 787 2479 Cant.

69 2496 114 2537 Ald.
128 2499 146 2537 1.
158 2498 178 2538 2.
191 2498 242 2538 uon.
257 2498 324 2548 tunt,
340 2499 415 2550 quibus
432 2497 521 2536 editores
537 2503 595 2550 recte
608 2497 788 2547 obtemperarunt.
