1690 2654
215 86 255 126 ru
272 80 407 125 utrumn
424 78 573 121 serron.
598 49 600 52 ’
704 75 752 124 527

37 198 81 237 mut
96 193 180 234 Bentleii
196 192 364 234 emendationem
380 188 408 229 ad
422 188 498 228 Catuli.
510 190 585 238 LXVI,
600 189 632 228 53.
648 188 751 248 impellens

36 249 161 290 arctantibus
171 250 220 287 αὲνα
231 246 329 299 pennis),
344 254 407 294 quem
418 247 484 301 reete,
497 247 556 290 puto,
571 241 706 288 cunnErchst.
717 251 752 299 se-

37 307 114 352 quutus
123 312 174 337 sum.
201 299 268 349 Vulgo
280 299 355 342 nixari,
369 300 393 331 ut
408 293 457 330 hhn
472 304 554 339 omnes,
569 305 619 332 nem
629 291 686 331 Bodl.
697 294 750 330 Brur.

36 355 84 391 Ver.
93 354 143 391 Ven.
152 353 218 389 rixari
226 353 259 387 vix
271 348 328 386 varia
338 346 403 384 lectio
414 344 488 381 haberi
500 351 575 394 potest.
643 376 646 407 Ι
809 371 812 375 ,

88 403 132 442 838.
159 400 246 450 terram]
266 401 313 439 Ver.
322 399 373 439 Van.
382 396 428 434 Ald.
441 398 459 437 1.
468 398 517 433 Bon.
530 399 600 445 terrim
616 409 680 447 quare
688 395 749 437 Wak.

37 454 153 505 suspicatur
163 464 235 491 terras.

50 512 54 515 “
88 503 132 545 841.
158 501 275 555 Frigidior]
289 499 349 540 Vind.
362 498 511 550 fragm.·Vind.
523 499 575 537 Brix.
587 500 634 539 Ver.
645 504 696 542 Ven,
712 504 750 539 Cur

30 556 140 609 frigidior,
154 554 289 602 „commixtis
297 552 359 590 titulo
370 552 492 601 versuque“
506 558 529 587 nt
541 551 601 591 Wak.
615 551 671 591 dicit.
697 552 750 590 lnde

38 608 100 645 etiam
112 605 165 643 Brit.
177 607 195 644 1.
205 604 268 642 lectio
281 602 404 642 deducenda
415 608 481 653 Quare
489 601 546 655 frig.
560 619 581 656 p.
593 620 622 644 ue.
632 608 660 643 sit
669 606 702 651 t.;
723 607 751 643 sit

37 665 109 696 autem
126 662 146 694 et
163 656 186 694 in
200 656 261 695 Vind.
276 655 332 696 Brix.
345 654 457 693 invenitur.
491 656 588 693 Ceterum
608 656 665 694 hune
679 655 751 695 locum

36 710 118 748 Servius
133 708 235 759 respexit,
255 707 291 758 qui
302 707 329 745 ad
340 708 391 748 Gen.
402 709 436 757 IV,
446 706 478 746 51.
493 707 545 745 haec
556 707 630 747 hahet:
650 711 750 759 „Secun-

37 762 86 800 dum
95 760 197 811 physicos,
211 758 246 810 qui
257 759 336 809 dicunt,
349 766 452 809 tempore,
460 772 501 810 quo
512 759 547 798 hic
558 759 624 798 hiems
636 768 673 807 est,
683 767 751 799 aesta-

37 820 80 852 tem
90 824 133 849 esse
144 812 182 850 suh
191 810 260 860 terrie,
275 818 296 849 et
304 816 365 850 versa
374 812 426 858 vice,
441 824 505 862 quum
518 811 553 849 hic
564 818 638 860 nestas,
652 812 696 850 illie
705 812 750 849 hie-

36 877 99 903 mem.
126 863 186 909 Quod
202 862 266 901 etiam
273 864 382 902 Lueretius
395 862 524 914 exsequitur,
545 869 566 901 et
576 864 641 901 trahit
652 864 673 901 in
685 876 750 914 argu-

36 922 130 955 mentum
141 914 246 966 putealem
257 928 340 966 aquam,
355 928 408 967 quae
419 921 497 953 aestate
506 914 641 967 frigidissima
652 921 697 965 est„
704 915 750 953 hie·
823 958 826 960 ,

36 981 70 1006 me
77 979 126 1005 vero
136 966 283 1007 calidissima.“

88 1016 132 1058 848.
157 1019 267 1068 Raresrir]
280 1018 346 1069 Lugd.
356 1020 375 1059 8.
385 1017 442 1057 Bodl.
453 1018 503 1058 Brit.
515 1020 533 1060 1.
542 1020 562 1061 3.
574 1020 634 1062 Cant.
647 1025 668 1058 et
676 1030 749 1059 omnes

37 1070 94 1110 editt.
105 1075 154 1108 vett.
166 1073 254 1118 Aresoit,
268 1071 330 1108 Poor.
342 1074 410 1110 rescit.

86 1119 130 1162 844.
155 1123 229 1173 effita]
248 1121 278 1160 sic
288 1122 348 1161 Wak.
360 1122 452 1160 restituit
466 1134 478 1159 e
488 1122 554 1174 Lugd.
563 1124 581 1163 1.
593 1124 613 1163 2.
625 1122 687 1163 Vind.
698 1122 748 1162 Brit.

36 1174 79 1213 1·2.
91 1175 137 1210 Ver.
148 1175 209 1221 Bon,
223 1186 235 1211 a
249 1174 323 1224 quibus
334 1174 428 1225 reliquae
439 1174 498 1214 editt.
506 1180 556 1214 vett.
564 1187 608 1212 non
620 1174 748 1223 dissentiunt,

34 1224 74 1263 nisi
87 1223 141 1276 qnod
151 1225 254 1275 plurimae
261 1229 337 1278 ,effoeta
347 1226 452 1273 scribunt;
466 1226 523 1264 Bodl.
532 1226 609 1277 fragm.
616 1226 677 1264 Vind.
689 1228 747 1264 Cant.

34 1278 123 1366 lepjerrass
130 1277 192 1365 vulgo
203 1278 388 1381 affecru‚dutfPoor.
400 1285 427 1326 et,
441 1279 458 1316 si
467 1290 548 1328 verum,
562 1285 605 1316 tres
612 1278 674 1316 Codd.
685 1279 748 1318 Lam·

49 1341 84 1366 mr.
126 1336 174 1367 ent.
188 1336 278 1367 coniecit
304 1347 314 1369 e
325 1342 389 1369 ecta.-

86 1378 130 1420 845.
155 1385 191 1419 Fir
201 1397 279 1434 quoque
289 1381 349 1421 Wak.
359 1382 380 1418 in
392 1385 512 1419 contextum
524 1381 632 1419 revocavit
645 1392 670 1419 ex
681 1380 747 1420 omni-

34 1430 72 1468 bus
83 1430 151 1480 libris;
169 1433 232 1483 vulgo
244 1437 289 1472 Hoc
295 1436 335 1485 fit,
350 1446 374 1470 er
384 1432 488 1470 editorum
499 1432 591 1470 arbitrio.

85 1482 129 1522 847.
156 1486 178 1523 iu
192 1485 291 1535 coeundo]
312 1485 342 1523 sic
353 1484 414 1524 Wak.
425 1497 473 1522 cum
484 1485 579 1522 omnibus
596 1483 654 1521 libris
667 1485 713 1524 tiss.
726 1490 748 1522 et

34 1539 83 1572 vett.
95 1535 166 1582 editt.;
185 1549 235 1575 narn
246 1537 307 1575 Vind.
318 1538 395 1588 fragm.
404 1536 464 1575 Vind.
475 1537 527 1576 Brix.
538 1538 586 1574 Ver.
599 1536 663 1580 Vern,
677 1539 698 1575 in
708 1552 746 1589 qno

34 1589 98 1625 ezmdo
114 1586 243 1636 exhibentes,
263 1601 275 1627 a
289 1595 375 1639 recepta
384 1588 474 1626 lectione
486 1587 570 1639 proprie
585 1600 628 1625 non
641 1588 746 1626 differunt.

34 1637 101 1689 Vulgo
111 1639 181 1677 tamen
192 1652 216 1679 ut
228 1644 328 1690 coeundo,
343 1640 400 1692 quod
411 1639 525 1678 editoribus
535 1640 630 1679 debetur.

86 1687 130 1730 849.
144 1692 210 1741 Ἐκ]
228 1691 258 1730 ita
269 1693 317 1742 libri
330 1705 402 1731 omnes
414 1698 503 1743 ¹praeter
514 1692 580 1744 Lugd.
592 1694 610 1731 1.
620 1693 640 1734 2.
654 1697 675 1729 et
683 1692 748 1730 Lam-

35 1739 79 1797 bini
91 1742 156 1781 Codd.
172 1746 257 1782 Mamm.
267 1745 322 1785 Tett.
334 1747 400 1793 Bert,
421 1749 471 1783 Esse
485 1745 621 1794 praebentes,
641 1757 704 1795 qnam
714 1743 748 1781 le-

36 1797 127 1830 ctionem
147 1802 194 1845 post
206 1796 278 1835 Lamb.
297 1802 318 1835 et
333 1798 384 1835 Hav.
400 1795 542 1835 Wakefieldus
562 1808 645 1847 quoque
660 1795 748 1846 recepit.

35 1843 85 1881 Mihi
96 1851 166 1883 tamen
181 1847 287 1887 illuderer
294 1848 403 1887 eorrectio
414 1848 497 1885 videtur
512 1848 634 1887 difficilioris
644 1847 747 1895 lectionis,

36 1906 99 1944 quarn
116 1910 163 1936 curn
180 1900 264 1938 Creecb.
284 1900 359 1941 Eiclrst.
377 1900 464 1950 aliisque
478 1900 561 1939 retinui.
582 1921 608 1928 —
628 1902 747 1939 Hammonis

35 1946 95 1987 Wak.
103 1950 185 2000 scripsit
195 1964 245 1991 eum
256 1952 304 1990 Brit.
312 1954 330 1992 1.
342 1954 403 1992 Poor.
412 1952 470 1989 Cant.
477 1954 534 1998 Bon„
548 1951 623 2002 quibus
635 1951 688 1989 adde
698 1953 746 1991 Ver.

36 1998 85 2035 Ven.
97 2000 141 2040 Ald.
152 2003 170 2041 1.
181 2005 202 2043 2.
213 2008 278 2049 tunt.;
291 2004 354 2051 vulgo
366 2007 476 2043 Ammonis.
503 2003 578 2052 (Conf.
590 2003 616 2041 de
627 2003 668 2041 hoc
678 2003 748 2041 nomi-

36 2061 62 2087 ne
78 2052 186 2092 scribendo
202 2056 290 2106 Eutych.
300 2045 391 2107 1³&de
410 2056 495 2095 Gruteri
509 2059 584 2101 Inscrr·
597 2056 746 2105 P·XXI·1¹·7·

35 2101 138 2148 Drakeub.
148 2106 176 2144 ad
186 2107 221 2145 Sil.
233 2108 278 2146 Ital.
288 2110 308 2156 I,
319 2110 353 2148 39.
369 2115 390 2145 et
399 2108 442 2147 Liv.
453 2109 515 2156 XXI,
529 2110 547 2147 1.
559 2109 616 2154 §.1.,
634 2120 686 2156 quos
702 2107 747 2145 lau-

36 2151 71 2190 dat
80 2155 173 2195 Schneid.
189 2162 224 2199 Gr.
234 2160 279 2198 Lat.
290 2162 305 2198 Ι,
318 2172 338 2210 p.
353 2160 409 2208 193.)
435 2160 465 2196 De
479 2159 538 2196 fonte
554 2165 626 2197 autern
639 2159 675 2196 hic
690 2171 747 2197 com-

35 2213 151 2246 memorato
162 2210 224 2251 Wak.
234 2211 326 2249 conferri
341 2212 400 2249 iubet
410 2211 499 2261 interpp.
511 2210 537 2248 ad
548 2210 641 2250 Curtium
651 2213 685 2260 IV,
696 2212 715 2258 7,
727 2212 746 2251 2,

35 2257 105 2307 Pomp.
120 2259 203 2302 Melam.
215 2265 233 2309 l,
244 2265 262 2303 8.
276 2263 321 2301 init.
333 2270 352 2301 et
367 2263 424 2301 Ovid.
435 2264 483 2303 Met.
494 2265 538 2312 XV,
548 2264 594 2303 309.
620 2262 667 2302 vid.
683 2263 746 2300 etiam

36 2308 176 2403 Itie{⁰d⁰l'51V’
194 2316 237 2355 181.
253 2321 274 2353 et
289 2316 391 2355 Mannert.
408 2318 484 2366 Geogr.
501 2315 521 2352 d.
537 2316 572 2353 Gr.
585 2327 606 2355 u.
619 2316 643 2353 R·
660 2314 706 2356 vot.
717 2315 744 2353 X.

86 2413 129 2452 350.
155 2417 188 2465 er]
201 2418 232 2456 sic
242 2417 302 2457 Wak.
314 2418 446 2456 exomnibus
455 2418 527 2466 libris;
540 2418 598 2458 solae
608 2421 662 2457 Iunt.
673 2415 744 2456 etnld.

36 2460 55 2500 8.
64 2462 149 2516 vulgatis
161 2468 218 2508 editt.
229 2470 365 2521 opitulantur,
378 2483 401 2511 at
410 2471 562 2523 praebentibus.
