1690 2654
168 27 172 32 ⁸
194 54 524 108 mouumrruornmar
539 55 568 103 n,
583 51 624 103 m.
686 101 688 104 ,
738 22 788 109 aa

48 178 137 219 eiusdem
147 177 222 228 figurae
232 172 308 213 infinita
317 174 372 211 sunt:
386 183 488 227 epquorum
498 173 592 223 perpetuo
606 181 702 209 concursu
712 181 766 208 mun-

51 232 87 270 dus
98 232 195 282 perfectus
207 231 247 274 est,
266 238 337 275 resque
353 224 457 276 gignuntur
473 225 504 274 [v.
514 223 587 263 477-
597 224 656 273 580].
683 222 723 261 Sed
733 235 766 261 res

51 296 113 335 neque
124 296 147 320 ex
156 295 194 320 uno
204 291 275 330 genere
286 276 429 327 principiorum,
443 288 505 325 neque
515 289 539 313 ex
549 276 635 313 omnibus
645 274 701 313 unius
714 274 766 324 figu-

51 346 86 376 rae
95 339 115 373 et
125 334 217 372 similibus
227 328 328 380 principiis
341 330 442 371 constant;
461 327 497 364 sed
506 327 571 372 insunt
580 328 601 365 in
613 327 709 365 concretis
722 326 766 377 qui-

51 386 116 426 busvis
126 385 222 423 variarum
235 381 340 428 figurarum
350 377 457 427 principia:
476 379 528 427 quod
539 379 608 428 partim
619 378 700 417 historia
709 382 766 416 natu-

51 438 88 478 rali
98 431 183 480 telluris,
203 431 272 483 partim
287 429 392 478 allegorica
406 429 488 478 quadam
502 430 564 478 mythi
576 431 601 468 de
614 431 689 479 Cybele
703 430 765 468 inter-

51 488 160 540 pretatione
173 485 280 522 illustratur
297 482 328 531 [v.
339 482 412 520 531-
424 482 482 529 728}
508 481 581 528 Porro,
596 486 673 532 praeter
690 482 766 532 pondus

52 539 167 587 etfigluam,
181 536 275 573 elementa
283 546 346 571 rerum
357 544 395 569 non
404 531 476 569 habent
486 532 594 580 sensibiles,
609 546 657 583 quas
667 539 765 579 vocamus,

52 590 162 642 qualitates,
176 587 258 625 colorem
268 584 366 630 videlicet,
377 596 476 633 saporem,
485 584 554 634 frigus,
569 584 661 630 oalorem3
675 598 711 622 nec
721 597 766 622 sen-

52 655 75 680 su
87 640 176 691 praedita
190 641 245 676 sunt:
264 636 350 687 quamvis
364 648 397 674 res
409 635 513 682 coloratae,
528 637 614 688 sapidae,
628 636 719 686 frigidae,
734 649 767 674 ca-

51 693 102 732 lidae
111 697 130 730 et
142 690 241 729 sensibiles
259 701 283 726 ex
295 688 318 725 iis
329 687 433 737 gignantur
450 689 478 736 [v.
491 690 529 728 729
539 710 566 716 -
577 689 649 736 1011]-
676 687 766 738 Denique

51 744 137 782 infinitae
148 742 216 788 atomi,
236 753 271 792 per
280 740 375 778 infinitum
386 739 443 776 inane
456 739 570 788 volitantes,
583 740 668 777 infinitos
684 741 766 778 mundos

52 796 149 834 efficiunt:
170 793 203 844 qui
212 792 281 830 vmundi
291 796 385 842 augentur
401 790 503 840 aliquando
520 793 544 831 ab
554 792 634 838 atomis,
654 805 678 829 ex
689 791 765 829 infinito

52 846 143 896 delapsis,
158 845 259 895 aliquando
276 844 339 890 etiam,
354 842 474 881 avolantibus
486 843 506 880 in
515 843 609 882 infinitum
620 844 695 894 atomis,
710 842 766 880 dimi-

48 896 134 937 'nuuntur
153 910 176 935 ao
197 895 327 934 dissolvuntur
341 893 563 945 [r.1022-1149]=
590 895 619 933 uti
636 900 681 933 ante
698 894 765 932 oculos

51 950 114 988 omnia
128 945 227 999 paullatim
236 947 307 986 effoeta
317 947 376 993 fiunt,
391 949 421 992 et,
437 959 486 995 quae
496 947 540 984 olim
554 946 658 984 laetissime
669 944 766 986 adoleve-

45 1004 106 1047 rant,
123 1000 201 1050 plantae
213 1002 271 1048 atque
282 997 370 1035 animalia
383 997 420 1034 iam
429 1009 479 1036 nunc
488 1001 603 1046 senescunt,
622 1002 642 1037 et
652 997 719 1037 ordine
729 1009 764 1036 suo

51 1053 125 1091 demum
133 1050 239 1090 interibunt
251 1049 281 1100 [v.
293 1050 343 1089 1150
353 1068 378 1077 -
387 1048 459 1099 11721.

328 1160 484 1170 -ι-ι

243 1228 375 1269 urani
403 1229 569 1287 ran-rra

103 1303 207 1359 Postquam
218 1307 321 1346 Lucretius
335 1307 429 1346 naturam
437 1310 457 1345 et
468 1307 593 1355 affectiones,
613 1320 660 1359 quas
677 1305 764 1353 dicimus,

52 1362 155 1399 atomorum
168 1361 188 1398 in
205 1360 336 1411 superioribus
354 1359 412 1406 libris,
424 1359 566 1410 erphcaverat3
587 1364 669 1410 quatuor
683 1359 765 1409 reliquis

52 1425 85 1458 ea,
95 1425 149 1462 quae
160 1425 183 1449 ex
194 1411 261 1460 atomis
274 1411 317 1448 istis
330 1411 389 1457 fiunt,
403 1412 534 1463 persequitur.
561 1411 590 1449 Ac
605 1412 676 1463 primas
688 1411 765 1461 quidem
801 1418 803 1421 '

51 1467 118 1514 partes
132 1463 201 1501 detulit
216 1464 277 1500 animo
290 1466 310 1500 et
328 1463 413 1501 animae:
431 1463 458 1501 >de
473 1463 541 1513 quibus
559 1462 596 1500 hoc
612 1467 654 1501 tcto
671 1462 720 1500 libro
735 1462 765 1500 ita

52 1515 147 1563 disputat,
165 1519 187 1551 ut
203 1527 215 1551 a
224 1514 312 1551 laudibus
323 1513 432 1563 Epicureae
443 1514 542 1552 doctrinae
552 1515 663 1564 auspicetur
673 1514 705 1563 [v.
717 1516 727 1552 1
738 1534 765 1541 —
809 1537 811 1539 -

52 1566 96 1618 13].
123 1565 216 1611 Quoniam
225 1566 274 1603 enim
283 1565 379 1615 Epicurus
389 1565 454 1603 docuit
464 1565 542 1615 primus,
556 1579 594 1603 non
604 1580 617 1609 a
628 1566 664 1603 deo
675 1564 764 1615 quodam,

52 1616 87 1653 sed
100 1628 123 1653 ex
137 1617 219 1654 fortuita
234 1621 337 1655 atomorum
353 1617 478 1655 concursione
492 1617 582 1655 mundum
597 1618 647 1655 hunc
664 1616 765 1665 omniaque

52 1680 95 1704 esse
105 1668 170 1714 facta;
184 1681 194 1705 e
208 1668 304 1705 sententia
313 1668 382 1706 Nostri
395 1668 475 1719 egregie
487 1668 582 1719 perfecit,
597 1668 647 1719 quod
657 1668 691 1705 alii
701 1667 764 1718 philo-

52 1718 106 1768 sophi
122 1720 195 1757 frustra
209 1719 272 1757 conati
287 1719 336 1766 sint,
354 1724 376 1757 ut
387 1721 453 1758 mortis
469 1733 612 1771 poenarumque
629 1722 764 1771 postmortem

51 1775 102 1806 metu
112 1771 184 1808 animos
192 1771 287 1808 hominum
297 1771 390 1809 liberaret
400 1773 430 1820 [r.
440 1770 465 1811 14
473 1793 500 1800 —
508 1771 553 1820 40].
581 1773 624 1817 Quo
633 1776 691 1817 metu,
706 1773 764 1820 po'e'ta

52 1820 109 1867 dicit,
123 1824 143 1859 et
159 1835 192 1859 eos
207 1835 343 1872 saepenumero
356 1823 473 1870 excruciari,
492 1823 525 1873 qui
535 1824 595 1861 robur
607 1822 664 1860 animi
675 1822 764 1859 simulent
807 1833 810 1838 ’

51 1872 80 1917 [v.
91 1871 115 1911 41
124 1893 151 1901 -υ
159 1874 207 1918 581,
223 1877 243 1910 et
253 1873 327 1911 scelera
338 1874 400 1912 omnia
409 1880 467 1925 atque
476 1873 552 1923 flagitia
564 1873 655 1924 progigni
668 1874 695 1922 [v.
706 1874 764 1913 59-

51 1923 96 1970 93].
122 1924 177 1962 Haeo
187 1924 216 1962 ita
225 1926 335 1974 praefatus,
350 1938 407 1975 porro
418 1927 485 1972 docet,
505 1925 584 1963 animum
596 1930 616 1963 et
626 1925 706 1963 animam
717 1936 764 1975 par-

51 1976 89 2010 tem
99 1987 141 2013 esse
150 1976 237 2022 hominis
252 1989 313 2027 aeque
323 1989 346 2014 ac
356 1978 422 2026 pedes,
436 1989 508 2023 manus,
522 1976 608 2023 brachia,
621 1976 696 2026 reliqua
704 1988 764 2014 menr-

51 2022 86 2062 bra
102 2026 131 2074 [v.
141 2025 168 2066 94
176 2049 203 2056 —
212 2029 261 2077 91],
281 2041 344 2078 neque
355 2024 440 2066 habitum
455 2042 498 2067 esse
509 2027 588 2066 vitalem
598 2028 657 2066 totius
669 2026 762 2078 corporis,

51 2082 87 2112 seu
94 2077 174 2117 omnium
189 2080 271 2130 partium
283 2079 369 2130 corporis
384 2080 507 2118 intentionem
519 2084 576 2130 atque
592 2083 762 2124 concentum-eum,

52 2136 106 2173 quem
115 2133 192 2168 veteres
203 2131 280 2181 quidam
290 2132 399 2182 philosophi
409 2132 524 2169 harmoniam
535 2131 681 2181 appellaverunt
693 2133 725 2181 [v.
737 2130 763 2169 98

51 2179 143 2228 -106].
169 2182 226 2220 Hanc
236 2182 285 2220 enim
297 2183 403 2232 opinionem
413 2183 483 2232 partim
494 2196 516 2220 eo
527 2182 651 2228 labefactari,
670 2182 721 2232 quod
732 2181 763 2219 in-

51 2227 135 2284 terdum,
150 2233 183 2282 qui
194 2247 275 2284 corpore
286 2233 360 2280 doleat,
375 2234 436 2273 animo
441 2233 540 2280 laetetur,
561 2237 580 2271 et
590 2234 623 2284 qui
633 2233 680 2271 nihil
691 2232 763 2271 doloris

51 2288 72 2317 m
84 2290 163 2330 corpore
177 2285 258 2332 sentiat,
273 2285 333 2322 animo
350 2286 474 2334 perturbetur
486 2286 678 2333 [alm-1121,
692 2283 763 2334 partim

52 2325 87 2364 1100
100 2333 170 2379 everti,
185 2337 304 2384 quodetiam
315 2337 335 2373 in
346 2350 410 2374 sonmo
422 2336 478 2374 animi
490 2336 516 2373 sit
528 2336 633 2373 efficientia
646 2336 676 2385 [v.
689 2336 726 2374 113
736 2355 763 2361 -·

51 2378 109 2438 HJ]-
135 2382 193 2423 Suam
204 2388 267 2425 autem
278 2389 337 2437 potita
348 2387 461 2427 sententiam
475 2387 539 2426 firmat
552 2388 625 2426 duobus
635 2383 761 2435 argumentis:

51 2438 118 2480 1¹1¹1¹¹⁰s
132 2435 183 2484 quod
193 2436 213 2475 in
221 2439 310 2478 membris
321 2438 377 2479 etiam
385 2439 477 2480 mutilatis
488 2439 529 2479 vita
538 2438 584 2478 insit
596 2439 622 2489 [v.
634 2434 760 2484 118-121h
