<?xml version="1.0" encoding="UTF-8"?>
<!DOCTYPE html PUBLIC "-//W3C//DTD XHTML 1.0 Transitional//EN"
    "http://www.w3.org/TR/xhtml1/DTD/xhtml1-transitional.dtd">
<html xmlns="http://www.w3.org/1999/xhtml" xml:lang="en" lang="en">
 <head>
  <title>
</title>
<meta http-equiv="Content-Type" content="text/html;charset=utf-8" />
  <meta name='ocr-system' content='tesseract 3.04.00' />
  <meta name='ocr-capabilities' content='ocr_page ocr_carea ocr_par ocr_line ocrx_word'/>
</head>
<body>
  <div class='ocr_page' id='page_1' title='image "./MN40048ucmf_3_0395.png"; bbox 0 0 1690 2654; ppageno 0'>
   <div class='ocr_carea' id='block_1_1' title="bbox 220 128 774 192">
    <p class='ocr_par' dir='ltr' id='par_1_1' title="bbox 220 128 774 192">
     <span class='ocr_line' id='line_1_1' title="bbox 220 128 774 192; baseline -0.007 -10"><span class='ocrx_word' id='word_1_1' title='bbox 220 141 261 182; x_wconf 74' lang='lat' dir='ltr'>au</span> <span class='ocrx_word' id='word_1_2' title='bbox 278 128 598 186; x_wconf 70' lang='lat' dir='ltr'>tinnunrnnrmu.</span> <span class='ocrx_word' id='word_1_3' title='bbox 637 188 640 192; x_wconf 82' lang='lat'><em>.</em></span> <span class='ocrx_word' id='word_1_4' title='bbox 725 132 774 179; x_wconf 72' lang='lat'>309</span> 
     </span>
    </p>
   </div>
   <div class='ocr_carea' id='block_1_2' title="bbox 43 242 775 505">
    <p class='ocr_par' dir='ltr' id='par_1_2' title="bbox 43 242 775 505">
     <span class='ocr_line' id='line_1_2' title="bbox 43 242 775 300; baseline -0.008 -13"><span class='ocrx_word' id='word_1_5' title='bbox 43 248 134 298; x_wconf 69' lang='lat' dir='ltr'>branis,</span> <span class='ocrx_word' id='word_1_6' title='bbox 148 248 271 300; x_wconf 84' lang='lat' dir='ltr'>interpolari</span> <span class='ocrx_word' id='word_1_7' title='bbox 283 248 360 300; x_wconf 84' lang='lat' dir='ltr'>potuit,</span> <span class='ocrx_word' id='word_1_8' title='bbox 373 245 474 286; x_wconf 89' lang='lat' dir='ltr'>nimirum</span> <span class='ocrx_word' id='word_1_9' title='bbox 488 245 537 297; x_wconf 87' lang='lat' dir='ltr'>quia</span> <span class='ocrx_word' id='word_1_10' title='bbox 550 244 643 294; x_wconf 81' lang='lat' dir='ltr'>librarii,</span> <span class='ocrx_word' id='word_1_11' title='bbox 657 256 700 283; x_wconf 84' lang='lat' dir='ltr'>non</span> <span class='ocrx_word' id='word_1_12' title='bbox 711 242 775 281; x_wconf 86' lang='lat' dir='ltr'>intel·</span> 
     </span>
     <span class='ocr_line' id='line_1_3' title="bbox 53 299 775 353; baseline -0.008 -15"><span class='ocrx_word' id='word_1_13' title='bbox 53 302 152 353; x_wconf 78' lang='lat' dir='ltr'>figentes,</span> <span class='ocrx_word' id='word_1_14' title='bbox 167 314 178 338; x_wconf 89' lang='lat' dir='ltr'>e</span> <span class='ocrx_word' id='word_1_15' title='bbox 195 302 259 344; x_wconf 85' lang='lat' dir='ltr'>verbo</span> <span class='ocrx_word' id='word_1_16' title='bbox 275 311 442 351; x_wconf 77' lang='lat' dir='ltr'><strong><em>conquererentur</em></strong></span> <span class='ocrx_word' id='word_1_17' title='bbox 451 299 477 336; x_wconf 91' lang='lat' dir='ltr'>ad</span> <span class='ocrx_word' id='word_1_18' title='bbox 486 311 570 336; x_wconf 86' lang='lat' dir='ltr'>versum</span> <span class='ocrx_word' id='word_1_19' title='bbox 578 304 701 349; x_wconf 81' lang='lat' dir='ltr'>sequentem</span> <span class='ocrx_word' id='word_1_20' title='bbox 712 308 775 334; x_wconf 83' lang='lat' dir='ltr'>voca-</span> 
     </span>
     <span class='ocr_line' id='line_1_4' title="bbox 53 349 773 403; baseline -0.008 -13"><span class='ocrx_word' id='word_1_21' title='bbox 53 352 126 391; x_wconf 88' lang='lat' dir='ltr'>bulum</span> <span class='ocrx_word' id='word_1_22' title='bbox 135 352 252 400; x_wconf 80' lang='lat' dir='ltr'>contrariae</span> <span class='ocrx_word' id='word_1_23' title='bbox 262 350 418 403; x_wconf 81' lang='lat' dir='ltr'>significationis</span> <span class='ocrx_word' id='word_1_24' title='bbox 431 349 557 400; x_wconf 79' lang='lat' dir='ltr'>cogitatione</span> <span class='ocrx_word' id='word_1_25' title='bbox 570 349 709 400; x_wconf 85' lang='lat' dir='ltr'>supplendum</span> <span class='ocrx_word' id='word_1_26' title='bbox 721 359 773 397; x_wconf 81' lang='lat' dir='ltr'>esse,</span> 
     </span>
     <span class='ocr_line' id='line_1_5' title="bbox 53 400 774 452; baseline -0.004 -11"><span class='ocrx_word' id='word_1_27' title='bbox 53 405 179 442; x_wconf 86' lang='lat' dir='ltr'>sententiam</span> <span class='ocrx_word' id='word_1_28' title='bbox 190 416 287 441; x_wconf 81' lang='lat' dir='ltr'>mancam</span> <span class='ocrx_word' id='word_1_29' title='bbox 297 411 318 441; x_wconf 84' lang='lat' dir='ltr'>et</span> <span class='ocrx_word' id='word_1_30' title='bbox 325 402 473 452; x_wconf 67' lang='lat' dir='ltr'><strong>imperfectam</strong></span> <span class='ocrx_word' id='word_1_31' title='bbox 483 400 609 449; x_wconf 70' lang='lat' dir='ltr'>iudicarunt¹¹</span> <span class='ocrx_word' id='word_1_32' title='bbox 634 401 711 449; x_wconf 83' lang='lat' dir='ltr'><strong>Quibus</strong></span> <span class='ocrx_word' id='word_1_33' title='bbox 723 413 774 438; x_wconf 85' lang='lat' dir='ltr'>con-</span> 
     </span>
     <span class='ocr_line' id='line_1_6' title="bbox 53 451 542 505; baseline -0.008 -11"><span class='ocrx_word' id='word_1_34' title='bbox 53 456 149 494; x_wconf 70' lang='lat' dir='ltr'>sideratis</span> <span class='ocrx_word' id='word_1_35' title='bbox 160 467 244 501; x_wconf 78' lang='lat' dir='ltr'>uersum</span> <span class='ocrx_word' id='word_1_36' title='bbox 255 455 315 492; x_wconf 87' lang='lat' dir='ltr'>uncis</span> <span class='ocrx_word' id='word_1_37' title='bbox 325 452 476 505; x_wconf 84' lang='lat' dir='ltr'>includendum</span> <span class='ocrx_word' id='word_1_38' title='bbox 487 451 542 499; x_wconf 70' lang='lat' dir='ltr'>duni.</span> 
     </span>
    </p>
   </div>
   <div class='ocr_carea' id='block_1_3' title="bbox 58 511 774 568">
    <p class='ocr_par' dir='ltr' id='par_1_3' title="bbox 58 511 774 568">
     <span class='ocr_line' id='line_1_7' title="bbox 58 511 774 568; baseline -0.008 -10"><span class='ocrx_word' id='word_1_39' title='bbox 58 532 60 535; x_wconf 86' lang='lat'>·</span> <span class='ocrx_word' id='word_1_40' title='bbox 104 520 150 558; x_wconf 83' lang='lat'>616.</span> <span class='ocrx_word' id='word_1_41' title='bbox 177 517 236 568; x_wconf 82' lang='lat' dir='ltr'>unis]</span> <span class='ocrx_word' id='word_1_42' title='bbox 253 518 300 555; x_wconf 78' lang='lat' dir='ltr'>Brit.</span> <span class='ocrx_word' id='word_1_43' title='bbox 309 519 326 557; x_wconf 88' lang='lat'>1.</span> <span class='ocrx_word' id='word_1_44' title='bbox 332 519 352 558; x_wconf 88' lang='lat'>2.</span> <span class='ocrx_word' id='word_1_45' title='bbox 364 511 443 558; x_wconf 68' lang='lat' dir='ltr'>etVen</span> <span class='ocrx_word' id='word_1_46' title='bbox 452 518 503 555; x_wconf 61' lang='lat' dir='ltr'>tten.</span> <span class='ocrx_word' id='word_1_47' title='bbox 514 514 559 553; x_wconf 79' lang='lat' dir='ltr'>Ald.</span> <span class='ocrx_word' id='word_1_48' title='bbox 571 516 588 554; x_wconf 89' lang='lat'>1.</span> <span class='ocrx_word' id='word_1_49' title='bbox 602 516 651 555; x_wconf 84' lang='lat' dir='ltr'>Bon.</span> <span class='ocrx_word' id='word_1_50' title='bbox 662 518 714 562; x_wconf 80' lang='lat' dir='ltr'>imis,</span> <span class='ocrx_word' id='word_1_51' title='bbox 727 516 774 553; x_wconf 77' lang='lat' dir='ltr'>for·</span> 
     </span>
    </p>
   </div>
   <div class='ocr_carea' id='block_1_4' title="bbox 52 566 776 1288">
    <p class='ocr_par' dir='ltr' id='par_1_4' title="bbox 53 566 775 714">
     <span class='ocr_line' id='line_1_8' title="bbox 53 566 773 620; baseline -0.007 -12"><span class='ocrx_word' id='word_1_52' title='bbox 53 577 107 608; x_wconf 87' lang='lat' dir='ltr'>tasse</span> <span class='ocrx_word' id='word_1_53' title='bbox 125 568 174 620; x_wconf 87' lang='lat' dir='ltr'>quia</span> <span class='ocrx_word' id='word_1_54' title='bbox 186 570 267 608; x_wconf 88' lang='lat' dir='ltr'>librarii</span> <span class='ocrx_word' id='word_1_55' title='bbox 281 569 418 607; x_wconf 84' lang='lat' dir='ltr'>offenderunt</span> <span class='ocrx_word' id='word_1_56' title='bbox 428 569 451 605; x_wconf 90' lang='lat' dir='ltr'>in</span> <span class='ocrx_word' id='word_1_57' title='bbox 461 566 538 618; x_wconf 79' lang='lat' dir='ltr'>plurali</span> <span class='ocrx_word' id='word_1_58' title='bbox 549 566 605 603; x_wconf 86' lang='lat' dir='ltr'>illius</span> <span class='ocrx_word' id='word_1_59' title='bbox 616 568 671 604; x_wconf 84' lang='lat' dir='ltr'>vocis</span> <span class='ocrx_word' id='word_1_60' title='bbox 678 584 688 611; x_wconf 92' lang='lat'>,·</span> <span class='ocrx_word' id='word_1_61' title='bbox 696 567 721 604; x_wconf 91' lang='lat' dir='ltr'>de</span> <span class='ocrx_word' id='word_1_62' title='bbox 731 580 773 617; x_wconf 83' lang='lat' dir='ltr'>quo</span> 
     </span>
     <span class='ocr_line' id='line_1_9' title="bbox 53 618 775 670; baseline -0.004 -10"><span class='ocrx_word' id='word_1_63' title='bbox 53 622 134 660; x_wconf 84' lang='lat' dir='ltr'>dictum</span> <span class='ocrx_word' id='word_1_64' title='bbox 145 621 171 659; x_wconf 90' lang='lat' dir='ltr'>ad</span> <span class='ocrx_word' id='word_1_65' title='bbox 180 622 209 670; x_wconf 88' lang='lat' dir='ltr'>II,</span> <span class='ocrx_word' id='word_1_66' title='bbox 220 623 265 663; x_wconf 85' lang='lat'><strong>668.</strong></span> <span class='ocrx_word' id='word_1_67' title='bbox 292 621 431 660; x_wconf 70' lang='lat' dir='ltr'>Ceterum-et</span> <span class='ocrx_word' id='word_1_68' title='bbox 442 619 552 658; x_wconf 85' lang='lat' dir='ltr'>literarum</span> <span class='ocrx_word' id='word_1_69' title='bbox 569 618 642 657; x_wconf 84' lang='lat' dir='ltr'>ductus</span> <span class='ocrx_word' id='word_1_70' title='bbox 652 631 735 670; x_wconf 83' lang='lat' dir='ltr'>prorsus</span> <span class='ocrx_word' id='word_1_71' title='bbox 746 618 775 657; x_wconf 83' lang='lat' dir='ltr'>ii-</span> 
     </span>
     <span class='ocr_line' id='line_1_10' title="bbox 53 673 630 714; baseline -0.01 -1"><span class='ocrx_word' id='word_1_72' title='bbox 53 673 103 713; x_wconf 90' lang='lat' dir='ltr'>dem</span> <span class='ocrx_word' id='word_1_73' title='bbox 115 679 182 714; x_wconf 67' lang='lat' dir='ltr'>sunt·</span> <span class='ocrx_word' id='word_1_74' title='bbox 313 684 314 687; x_wconf 51' lang='lat'>¹</span> <span class='ocrx_word' id='word_1_75' title='bbox 628 699 630 701; x_wconf 55' lang='grc'><em>»</em></span> 
     </span>
    </p>

    <p class='ocr_par' dir='ltr' id='par_1_5' title="bbox 106 722 631 771">
     <span class='ocr_line' id='line_1_11' title="bbox 106 722 631 771; baseline -0.008 -6"><span class='ocrx_word' id='word_1_76' title='bbox 106 727 151 766; x_wconf 85' lang='grc'>617,</span> <span class='ocrx_word' id='word_1_77' title='bbox 176 735 198 764; x_wconf 84' lang='lat' dir='ltr'>et</span> <span class='ocrx_word' id='word_1_78' title='bbox 208 727 285 771; x_wconf 83' lang='lat' dir='ltr'>certis]</span> <span class='ocrx_word' id='word_1_79' title='bbox 298 723 358 763; x_wconf 80' lang='lat' dir='ltr'>Wak.</span> <span class='ocrx_word' id='word_1_80' title='bbox 373 724 472 762; x_wconf 59' lang='lat' dir='ltr'>aucertio</span> <span class='ocrx_word' id='word_1_81' title='bbox 481 734 505 759; x_wconf 87' lang='lat' dir='ltr'>ex</span> <span class='ocrx_word' id='word_1_82' title='bbox 516 734 559 759; x_wconf 85' lang='lat' dir='ltr'>uno</span> <span class='ocrx_word' id='word_1_83' title='bbox 571 722 631 761; x_wconf 84' lang='lat' dir='ltr'>Cant.</span> 
     </span>
    </p>

    <p class='ocr_par' dir='ltr' id='par_1_6' title="bbox 52 771 776 1288">
     <span class='ocr_line' id='line_1_12' title="bbox 104 771 774 829; baseline -0.009 -13"><span class='ocrx_word' id='word_1_84' title='bbox 104 779 150 817; x_wconf 84' lang='lat'><strong>620.</strong></span> <span class='ocrx_word' id='word_1_85' title='bbox 172 792 211 829; x_wconf 81' lang='lat' dir='ltr'>pro</span> <span class='ocrx_word' id='word_1_86' title='bbox 216 775 357 827; x_wconf 80' lang='lat' dir='ltr'>uulgarisest,</span> <span class='ocrx_word' id='word_1_87' title='bbox 368 786 435 825; x_wconf 54' lang='lat' dir='ltr'>quam¹</span> <span class='ocrx_word' id='word_1_88' title='bbox 442 780 514 824; x_wconf 88' lang='lat' dir='ltr'>aperte</span> <span class='ocrx_word' id='word_1_89' title='bbox 525 772 623 811; x_wconf 81' lang='lat' dir='ltr'>exhibent</span> <span class='ocrx_word' id='word_1_90' title='bbox 632 775 685 811; x_wconf 80' lang='lat' dir='ltr'>lunt.</span> <span class='ocrx_word' id='word_1_91' title='bbox 698 778 719 810; x_wconf 86' lang='lat' dir='ltr'>et</span> <span class='ocrx_word' id='word_1_92' title='bbox 728 771 774 810; x_wconf 75' lang='lat' dir='ltr'>tlt.</span> 
     </span>
     <span class='ocr_line' id='line_1_13' title="bbox 53 824 775 879; baseline -0.007 -11"><span class='ocrx_word' id='word_1_93' title='bbox 53 829 75 868; x_wconf 56' lang='lat' dir='ltr'>2ss</span> <span class='ocrx_word' id='word_1_94' title='bbox 88 834 158 879; x_wconf 83' lang='lat' dir='ltr'>atque,</span> <span class='ocrx_word' id='word_1_95' title='bbox 170 828 188 866; x_wconf 92' lang='lat' dir='ltr'>si</span> <span class='ocrx_word' id='word_1_96' title='bbox 198 830 278 865; x_wconf 54' lang='lat' dir='ltr'>Hauset</span> <span class='ocrx_word' id='word_1_97' title='bbox 287 826 348 865; x_wconf 80' lang='lat' dir='ltr'>Walr.</span> <span class='ocrx_word' id='word_1_98' title='bbox 358 839 411 865; x_wconf 84' lang='lat' dir='ltr'>vere</span> <span class='ocrx_word' id='word_1_99' title='bbox 420 832 440 863; x_wconf 90' lang='lat' dir='ltr'>et</span> <span class='ocrx_word' id='word_1_100' title='bbox 449 824 546 863; x_wconf 87' lang='lat' dir='ltr'>consulto</span> <span class='ocrx_word' id='word_1_101' title='bbox 555 831 672 872; x_wconf 82' lang='lat' dir='ltr'>tacuerunt,</span> <span class='ocrx_word' id='word_1_102' title='bbox 681 824 747 875; x_wconf 82' lang='lat' dir='ltr'>Lugd.</span> <span class='ocrx_word' id='word_1_103' title='bbox 754 826 775 863; x_wconf 84' lang='lat'>2.</span> 
     </span>
     <span class='ocr_line' id='line_1_14' title="bbox 53 876 773 927; baseline -0.008 -10"><span class='ocrx_word' id='word_1_104' title='bbox 53 879 115 921; x_wconf 75' lang='lat' dir='ltr'>vind.</span> <span class='ocrx_word' id='word_1_105' title='bbox 126 879 173 916; x_wconf 85' lang='lat' dir='ltr'>Brit.</span> <span class='ocrx_word' id='word_1_106' title='bbox 186 880 203 918; x_wconf 90' lang='lat'>1.</span> <span class='ocrx_word' id='word_1_107' title='bbox 213 881 233 919; x_wconf 88' lang='grc'>3.</span> <span class='ocrx_word' id='word_1_108' title='bbox 248 880 317 924; x_wconf 83' lang='lat' dir='ltr'>Cant.;</span> <span class='ocrx_word' id='word_1_109' title='bbox 331 877 427 916; x_wconf 84' lang='lat' dir='ltr'>nonnulli</span> <span class='ocrx_word' id='word_1_110' title='bbox 441 877 513 915; x_wconf 89' lang='lat' dir='ltr'>Lamb.</span> <span class='ocrx_word' id='word_1_111' title='bbox 530 876 596 914; x_wconf 81' lang='lat' dir='ltr'>Godd.</span> <span class='ocrx_word' id='word_1_112' title='bbox 609 876 674 927; x_wconf 79' lang='lat' dir='ltr'>Lugd.</span> <span class='ocrx_word' id='word_1_113' title='bbox 687 879 704 915; x_wconf 87' lang='lat'>1.</span> <span class='ocrx_word' id='word_1_114' title='bbox 716 876 773 913; x_wconf 73' lang='lat' dir='ltr'>todi.</span> 
     </span>
     <span class='ocr_line' id='line_1_15' title="bbox 52 926 774 982; baseline -0.007 -13"><span class='ocrx_word' id='word_1_115' title='bbox 52 931 114 972; x_wconf 82' lang='lat' dir='ltr'>Poor.</span> <span class='ocrx_word' id='word_1_116' title='bbox 129 937 150 968; x_wconf 92' lang='lat' dir='ltr'>et</span> <span class='ocrx_word' id='word_1_117' title='bbox 165 930 215 972; x_wconf 81' lang='lat' dir='ltr'>Brir.</span> <span class='ocrx_word' id='word_1_118' title='bbox 234 931 280 970; x_wconf 87' lang='lat' dir='ltr'>Ver.</span> <span class='ocrx_word' id='word_1_119' title='bbox 296 932 347 977; x_wconf 64' lang='lat' dir='ltr'>Ven.</span> <span class='ocrx_word' id='word_1_120' title='bbox 359 945 409 982; x_wconf 82' lang='lat' dir='ltr'>per,</span> <span class='ocrx_word' id='word_1_121' title='bbox 425 941 479 966; x_wconf 93' lang='lat' dir='ltr'>unus</span> <span class='ocrx_word' id='word_1_122' title='bbox 493 926 590 974; x_wconf 81' lang='lat' dir='ltr'>Lambini</span> <span class='ocrx_word' id='word_1_123' title='bbox 604 933 624 964; x_wconf 91' lang='lat' dir='ltr'>et</span> <span class='ocrx_word' id='word_1_124' title='bbox 639 926 688 965; x_wconf 82' lang='lat' dir='ltr'>Brit.</span> <span class='ocrx_word' id='word_1_125' title='bbox 698 927 719 965; x_wconf 64' lang='lat'>2³</span> <span class='ocrx_word' id='word_1_126' title='bbox 731 942 774 978; x_wconf 79' lang='lat' dir='ltr'>per,</span> 
     </span>
     <span class='ocr_line' id='line_1_16' title="bbox 53 978 776 1030; baseline -0.004 -10"><span class='ocrx_word' id='word_1_127' title='bbox 53 994 107 1020; x_wconf 85' lang='lat' dir='ltr'>unus</span> <span class='ocrx_word' id='word_1_128' title='bbox 119 983 210 1020; x_wconf 87' lang='lat' dir='ltr'>eiusdem</span> <span class='ocrx_word' id='word_1_129' title='bbox 223 988 243 1019; x_wconf 91' lang='lat' dir='ltr'>et</span> <span class='ocrx_word' id='word_1_130' title='bbox 254 981 299 1018; x_wconf 85' lang='lat' dir='ltr'>Ald.</span> <span class='ocrx_word' id='word_1_131' title='bbox 312 984 330 1020; x_wconf 87' lang='lat'>1.</span> <span class='ocrx_word' id='word_1_132' title='bbox 341 984 391 1019; x_wconf 86' lang='lat' dir='ltr'>Bon.</span> <span class='ocrx_word' id='word_1_133' title='bbox 405 983 441 1027; x_wconf 82' lang='lat' dir='ltr'>de,</span> <span class='ocrx_word' id='word_1_134' title='bbox 455 979 490 1017; x_wconf 90' lang='lat' dir='ltr'>alii</span> <span class='ocrx_word' id='word_1_135' title='bbox 504 979 593 1030; x_wconf 84' lang='lat' dir='ltr'>denique</span> <span class='ocrx_word' id='word_1_136' title='bbox 604 979 677 1018; x_wconf 82' lang='lat' dir='ltr'>Lanrb.</span> <span class='ocrx_word' id='word_1_137' title='bbox 690 978 740 1015; x_wconf 85' lang='lat' dir='ltr'>libri</span> <span class='ocrx_word' id='word_1_138' title='bbox 751 981 776 1017; x_wconf 84' lang='lat' dir='ltr'>de</span> 
     </span>
     <span class='ocr_line' id='line_1_17' title="bbox 54 1029 775 1083; baseline -0.007 -12"><span class='ocrx_word' id='word_1_139' title='bbox 54 1033 194 1083; x_wconf 78' lang='lat' dir='ltr'>suppeditant.</span> <span class='ocrx_word' id='word_1_140' title='bbox 208 1033 279 1073; x_wconf 85' lang='lat' dir='ltr'>Lamb.</span> <span class='ocrx_word' id='word_1_141' title='bbox 290 1032 394 1071; x_wconf 72' lang='lat' dir='ltr'>Gassend.</span> <span class='ocrx_word' id='word_1_142' title='bbox 405 1038 425 1069; x_wconf 84' lang='lat' dir='ltr'>et</span> <span class='ocrx_word' id='word_1_143' title='bbox 434 1031 501 1069; x_wconf 83' lang='lat' dir='ltr'>Faber</span> <span class='ocrx_word' id='word_1_144' title='bbox 511 1043 595 1068; x_wconf 88' lang='lat' dir='ltr'>omnem</span> <span class='ocrx_word' id='word_1_145' title='bbox 606 1042 689 1068; x_wconf 72' lang='lat' dir='ltr'>versun]</span> <span class='ocrx_word' id='word_1_146' title='bbox 701 1029 775 1067; x_wconf 86' lang='lat' dir='ltr'>additi·</span> 
     </span>
     <span class='ocr_line' id='line_1_18' title="bbox 53 1081 775 1134; baseline -0.004 -12"><span class='ocrx_word' id='word_1_147' title='bbox 53 1085 108 1122; x_wconf 90' lang='lat' dir='ltr'>tium</span> <span class='ocrx_word' id='word_1_148' title='bbox 120 1091 216 1131; x_wconf 88' lang='lat' dir='ltr'>censent,</span> <span class='ocrx_word' id='word_1_149' title='bbox 231 1097 293 1134; x_wconf 84' lang='lat' dir='ltr'>quem</span> <span class='ocrx_word' id='word_1_150' title='bbox 302 1083 363 1123; x_wconf 83' lang='lat' dir='ltr'>Wak.</span> <span class='ocrx_word' id='word_1_151' title='bbox 373 1090 431 1120; x_wconf 86' lang='lat' dir='ltr'>recte</span> <span class='ocrx_word' id='word_1_152' title='bbox 441 1081 548 1129; x_wconf 81' lang='lat' dir='ltr'>defendit,</span> <span class='ocrx_word' id='word_1_153' title='bbox 561 1082 625 1120; x_wconf 87' lang='lat' dir='ltr'>verba</span> <span class='ocrx_word' id='word_1_154' title='bbox 632 1098 671 1134; x_wconf 82' lang='lat' dir='ltr'>pro</span> <span class='ocrx_word' id='word_1_155' title='bbox 683 1083 732 1120; x_wconf 77' lang='lat' dir='ltr'>totis</span> <span class='ocrx_word' id='word_1_156' title='bbox 741 1097 775 1119; x_wconf 65' lang='lat' dir='ltr'>an-</span> 
     </span>
     <span class='ocr_line' id='line_1_19' title="bbox 55 1134 775 1184; baseline -0.008 -10"><span class='ocrx_word' id='word_1_157' title='bbox 55 1138 109 1175; x_wconf 81' lang='lat' dir='ltr'>tibus</span> <span class='ocrx_word' id='word_1_158' title='bbox 126 1135 156 1173; x_wconf 88' lang='lat' dir='ltr'>sic</span> <span class='ocrx_word' id='word_1_159' title='bbox 173 1135 287 1184; x_wconf 73' lang='lat' dir='ltr'>explicans:</span> <span class='ocrx_word' id='word_1_160' title='bbox 302 1134 347 1183; x_wconf 78' lang='lat' dir='ltr'>„ad</span> <span class='ocrx_word' id='word_1_161' title='bbox 361 1135 465 1184; x_wconf 82' lang='lat' dir='ltr'>integram</span> <span class='ocrx_word' id='word_1_162' title='bbox 480 1139 608 1170; x_wconf 71' lang='lat' dir='ltr'><strong>structuram</strong></span> <span class='ocrx_word' id='word_1_163' title='bbox 625 1139 646 1170; x_wconf 87' lang='lat' dir='ltr'>et</span> <span class='ocrx_word' id='word_1_164' title='bbox 657 1138 724 1169; x_wconf 90' lang='lat' dir='ltr'>totam</span> <span class='ocrx_word' id='word_1_165' title='bbox 739 1144 775 1168; x_wconf 87' lang='lat' dir='ltr'>ar-</span> 
     </span>
     <span class='ocr_line' id='line_1_20' title="bbox 54 1183 775 1238; baseline -0.007 -14"><span class='ocrx_word' id='word_1_166' title='bbox 54 1192 116 1224; x_wconf 82' lang='lat' dir='ltr'>tuum</span> <span class='ocrx_word' id='word_1_167' title='bbox 126 1187 303 1238; x_wconf 61' lang='lat' dir='ltr'>magnitudinem</span> <span class='ocrx_word' id='word_1_168' title='bbox 316 1186 347 1223; x_wconf 91' lang='lat' dir='ltr'>ita</span> <span class='ocrx_word' id='word_1_169' title='bbox 356 1192 380 1222; x_wconf 87' lang='lat' dir='ltr'>ut</span> <span class='ocrx_word' id='word_1_170' title='bbox 392 1185 455 1222; x_wconf 85' lang='lat' dir='ltr'>series</span> <span class='ocrx_word' id='word_1_171' title='bbox 465 1185 563 1235; x_wconf 52' lang='lat' dir='ltr'>*partium</span> <span class='ocrx_word' id='word_1_172' title='bbox 576 1205 601 1212; x_wconf 88' lang='lat'>-</span> <span class='ocrx_word' id='word_1_173' title='bbox 614 1205 641 1213; x_wconf 85' lang='lat'><em>-</em></span> <span class='ocrx_word' id='word_1_174' title='bbox 653 1184 674 1222; x_wconf 89' lang='lat' dir='ltr'>in</span> <span class='ocrx_word' id='word_1_175' title='bbox 689 1183 775 1236; x_wconf 84' lang='lat' dir='ltr'>singulis</span> 
     </span>
     <span class='ocr_line' id='line_1_21' title="bbox 54 1237 559 1288; baseline -0.008 -12"><span class='ocrx_word' id='word_1_176' title='bbox 54 1238 156 1276; x_wconf 82' lang='lat' dir='ltr'>membris</span> <span class='ocrx_word' id='word_1_177' title='bbox 172 1258 235 1276; x_wconf 66' lang='grc'>-,.-</span> <span class='ocrx_word' id='word_1_178' title='bbox 247 1237 387 1288; x_wconf 80' lang='lat' dir='ltr'>undequaque</span> <span class='ocrx_word' id='word_1_179' title='bbox 396 1237 559 1275; x_wconf 79' lang='lat' dir='ltr'>conservetur.“</span> 
     </span>
    </p>
   </div>
   <div class='ocr_carea' id='block_1_5' title="bbox 56 1297 775 1400">
    <p class='ocr_par' dir='ltr' id='par_1_7' title="bbox 56 1297 775 1400">
     <span class='ocr_line' id='line_1_22' title="bbox 107 1297 775 1350; baseline -0.007 -10"><span class='ocrx_word' id='word_1_180' title='bbox 107 1302 152 1340; x_wconf 84' lang='lat'><strong>622.</strong></span> <span class='ocrx_word' id='word_1_181' title='bbox 177 1300 355 1349; x_wconf 83' lang='lat' dir='ltr'>Praepositionem</span> <span class='ocrx_word' id='word_1_182' title='bbox 369 1305 401 1345; x_wconf 86' lang='lat' dir='ltr'>in,</span> <span class='ocrx_word' id='word_1_183' title='bbox 422 1312 485 1350; x_wconf 87' lang='lat' dir='ltr'>quam</span> <span class='ocrx_word' id='word_1_184' title='bbox 504 1298 594 1336; x_wconf 78' lang='lat' dir='ltr'>editores</span> <span class='ocrx_word' id='word_1_185' title='bbox 610 1299 632 1336; x_wconf 88' lang='lat' dir='ltr'>in</span> <span class='ocrx_word' id='word_1_186' title='bbox 649 1297 691 1337; x_wconf 84' lang='lat' dir='ltr'>fine</span> <span class='ocrx_word' id='word_1_187' title='bbox 705 1311 775 1336; x_wconf 80' lang='lat' dir='ltr'>versus</span> 
     </span>
     <span class='ocr_line' id='line_1_23' title="bbox 56 1350 747 1400; baseline -0.004 -10"><span class='ocrx_word' id='word_1_188' title='bbox 56 1358 129 1391; x_wconf 88' lang='lat' dir='ltr'>contra</span> <span class='ocrx_word' id='word_1_189' title='bbox 141 1364 213 1389; x_wconf 88' lang='lat' dir='ltr'>omnes</span> <span class='ocrx_word' id='word_1_190' title='bbox 224 1353 288 1389; x_wconf 90' lang='lat' dir='ltr'>libros</span> <span class='ocrx_word' id='word_1_191' title='bbox 298 1352 430 1398; x_wconf 87' lang='lat' dir='ltr'>adiecerunt,</span> <span class='ocrx_word' id='word_1_192' title='bbox 443 1351 522 1400; x_wconf 88' lang='lat' dir='ltr'>primus</span> <span class='ocrx_word' id='word_1_193' title='bbox 533 1350 592 1389; x_wconf 82' lang='lat' dir='ltr'>Wak.</span> <span class='ocrx_word' id='word_1_194' title='bbox 603 1356 661 1388; x_wconf 83' lang='lat' dir='ltr'>recte</span> <span class='ocrx_word' id='word_1_195' title='bbox 672 1350 747 1388; x_wconf 89' lang='lat' dir='ltr'>omisit.</span> 
     </span>
    </p>
   </div>
   <div class='ocr_carea' id='block_1_6' title="bbox 56 1407 808 2231">
    <p class='ocr_par' dir='ltr' id='par_1_8' title="bbox 56 1407 775 1619">
     <span class='ocr_line' id='line_1_24' title="bbox 59 1407 774 1466; baseline -0.007 -9"><span class='ocrx_word' id='word_1_196' title='bbox 59 1462 63 1466; x_wconf 53' lang='grc'><strong>,</strong></span> <span class='ocrx_word' id='word_1_197' title='bbox 91 1419 152 1457; x_wconf 57' lang='lat'><strong>³623.</strong></span> <span class='ocrx_word' id='word_1_198' title='bbox 179 1427 209 1455; x_wconf 82' lang='lat' dir='ltr'>est</span> <span class='ocrx_word' id='word_1_199' title='bbox 221 1407 348 1452; x_wconf 76' lang='lat' dir='ltr'>desideratui</span> <span class='ocrx_word' id='word_1_200' title='bbox 359 1414 455 1466; x_wconf 83' lang='lat' dir='ltr'>inLugd.</span> <span class='ocrx_word' id='word_1_201' title='bbox 468 1417 485 1453; x_wconf 86' lang='grc'>1.</span> <span class='ocrx_word' id='word_1_202' title='bbox 498 1414 555 1455; x_wconf 82' lang='lat' dir='ltr'>Bodl.</span> <span class='ocrx_word' id='word_1_203' title='bbox 566 1416 626 1453; x_wconf 82' lang='lat' dir='ltr'>Poor.</span> <span class='ocrx_word' id='word_1_204' title='bbox 637 1415 685 1451; x_wconf 84' lang='lat' dir='ltr'>Brit.</span> <span class='ocrx_word' id='word_1_205' title='bbox 698 1416 715 1452; x_wconf 91' lang='lat'>1.</span> <span class='ocrx_word' id='word_1_206' title='bbox 726 1415 744 1452; x_wconf 85' lang='lat'>2-</span> <span class='ocrx_word' id='word_1_207' title='bbox 756 1415 774 1452; x_wconf 79' lang='lat'>3.</span> 
     </span>
     <span class='ocr_line' id='line_1_25' title="bbox 57 1465 774 1520; baseline -0.001 -15"><span class='ocrx_word' id='word_1_208' title='bbox 57 1469 117 1506; x_wconf 85' lang='lat' dir='ltr'>Cant.</span> <span class='ocrx_word' id='word_1_209' title='bbox 135 1474 156 1505; x_wconf 93' lang='lat' dir='ltr'>et</span> <span class='ocrx_word' id='word_1_210' title='bbox 173 1467 225 1506; x_wconf 83' lang='lat' dir='ltr'>Brix.</span> <span class='ocrx_word' id='word_1_211' title='bbox 238 1468 285 1504; x_wconf 89' lang='lat' dir='ltr'>Ver.</span> <span class='ocrx_word' id='word_1_212' title='bbox 297 1468 347 1504; x_wconf 88' lang='lat' dir='ltr'>Ven.</span> <span class='ocrx_word' id='word_1_213' title='bbox 361 1488 386 1494; x_wconf 90' lang='lat'>—</span> <span class='ocrx_word' id='word_1_214' title='bbox 400 1465 493 1520; x_wconf 72' lang='lat' dir='ltr'>gignier]</span> <span class='ocrx_word' id='word_1_215' title='bbox 507 1466 556 1502; x_wconf 85' lang='lat' dir='ltr'>Brit.</span> <span class='ocrx_word' id='word_1_216' title='bbox 568 1468 587 1504; x_wconf 85' lang='lat'>2.</span> <span class='ocrx_word' id='word_1_217' title='bbox 599 1470 678 1517; x_wconf 66' lang='lat' dir='ltr'>ginien,</span> <span class='ocrx_word' id='word_1_218' title='bbox 694 1467 742 1501; x_wconf 76' lang='lat' dir='ltr'>Brit</span> <span class='ocrx_word' id='word_1_219' title='bbox 755 1469 774 1504; x_wconf 82' lang='lat'>1.</span> 
     </span>
     <span class='ocr_line' id='line_1_26' title="bbox 56 1516 775 1577; baseline -0.007 -18"><span class='ocrx_word' id='word_1_220' title='bbox 56 1522 159 1572; x_wconf 79' lang='lat' dir='ltr'>gignitur,</span> <span class='ocrx_word' id='word_1_221' title='bbox 174 1519 230 1577; x_wconf 82' lang='lat' dir='ltr'>quod</span> <span class='ocrx_word' id='word_1_222' title='bbox 238 1518 300 1556; x_wconf 57' lang='lat' dir='ltr'>notak.</span> <span class='ocrx_word' id='word_1_223' title='bbox 312 1518 417 1556; x_wconf 85' lang='lat' dir='ltr'>varietatis</span> <span class='ocrx_word' id='word_1_224' title='bbox 428 1516 496 1569; x_wconf 83' lang='lat' dir='ltr'>gratia</span> <span class='ocrx_word' id='word_1_225' title='bbox 505 1517 668 1568; x_wconf 86' lang='lat' dir='ltr'>praeferendum</span> <span class='ocrx_word' id='word_1_226' title='bbox 680 1517 775 1565; x_wconf 72' lang='lat' dir='ltr'>videtur5</span> 
     </span>
     <span class='ocr_line' id='line_1_27' title="bbox 56 1576 336 1619; baseline 0.004 -11"><span class='ocrx_word' id='word_1_227' title='bbox 56 1583 143 1619; x_wconf 76' lang='lat' dir='ltr'>menon</span> <span class='ocrx_word' id='word_1_228' title='bbox 154 1576 284 1609; x_wconf 78' lang='lat' dir='ltr'>assentiente.</span> <span class='ocrx_word' id='word_1_229' title='bbox 330 1600 336 1609; x_wconf 78' lang='grc'>,</span> 
     </span>
    </p>

    <p class='ocr_par' dir='ltr' id='par_1_9' title="bbox 108 1618 808 1670">
     <span class='ocr_line' id='line_1_28' title="bbox 108 1618 808 1670; baseline 0.003 -13"><span class='ocrx_word' id='word_1_230' title='bbox 108 1624 132 1658; x_wconf 89' lang='lat' dir='ltr'>V.</span> <span class='ocrx_word' id='word_1_231' title='bbox 144 1620 188 1662; x_wconf 79' lang='lat'><strong>624.</strong></span> <span class='ocrx_word' id='word_1_232' title='bbox 216 1620 273 1660; x_wconf 81' lang='lat' dir='ltr'>iufra</span> <span class='ocrx_word' id='word_1_233' title='bbox 283 1620 339 1658; x_wconf 82' lang='lat' dir='ltr'>redit</span> <span class='ocrx_word' id='word_1_234' title='bbox 347 1633 366 1659; x_wconf 82' lang='lat' dir='ltr'>v.</span> <span class='ocrx_word' id='word_1_235' title='bbox 377 1621 429 1670; x_wconf 83' lang='lat'>670„</span> <span class='ocrx_word' id='word_1_236' title='bbox 443 1618 518 1659; x_wconf 85' lang='lat' dir='ltr'>vocula</span> <span class='ocrx_word' id='word_1_237' title='bbox 528 1631 559 1660; x_wconf 76' lang='lat' dir='ltr'>est</span> <span class='ocrx_word' id='word_1_238' title='bbox 568 1619 590 1658; x_wconf 91' lang='lat' dir='ltr'>in</span> <span class='ocrx_word' id='word_1_239' title='bbox 599 1620 641 1659; x_wconf 86' lang='lat' dir='ltr'>fine</span> <span class='ocrx_word' id='word_1_240' title='bbox 653 1621 736 1661; x_wconf 85' lang='lat' dir='ltr'>omissa.</span> <span class='ocrx_word' id='word_1_241' title='bbox 806 1630 808 1632; x_wconf 86' lang='grc'><em>·</em></span> 
     </span>
    </p>

    <p class='ocr_par' dir='ltr' id='par_1_10' title="bbox 57 1672 777 2231">
     <span class='ocr_line' id='line_1_29' title="bbox 109 1672 749 1724; baseline 0.002 -11"><span class='ocrx_word' id='word_1_242' title='bbox 109 1676 154 1714; x_wconf 85' lang='lat'><strong>626.</strong></span> <span class='ocrx_word' id='word_1_243' title='bbox 180 1678 275 1721; x_wconf 81' lang='lat' dir='ltr'>unctam]</span> <span class='ocrx_word' id='word_1_244' title='bbox 288 1672 353 1724; x_wconf 79' lang='lat' dir='ltr'>Lugd.</span> <span class='ocrx_word' id='word_1_245' title='bbox 367 1674 385 1712; x_wconf 84' lang='lat'>1.</span> <span class='ocrx_word' id='word_1_246' title='bbox 396 1674 415 1711; x_wconf 91' lang='lat'>2.</span> <span class='ocrx_word' id='word_1_247' title='bbox 430 1684 517 1711; x_wconf 77' lang='lat' dir='ltr'>auctum.</span> <span class='ocrx_word' id='word_1_248' title='bbox 546 1672 612 1721; x_wconf 88' lang='lat' dir='ltr'>(Vide</span> <span class='ocrx_word' id='word_1_249' title='bbox 623 1673 678 1713; x_wconf 78' lang='lat' dir='ltr'>adv¹</span> <span class='ocrx_word' id='word_1_250' title='bbox 691 1673 749 1721; x_wconf 82' lang='lat'><strong>609.)</strong></span> 
     </span>
     <span class='ocr_line' id='line_1_30' title="bbox 60 1723 777 1777; baseline -0.004 -12"><span class='ocrx_word' id='word_1_251' title='bbox 60 1768 62 1771; x_wconf 53' lang='grc'>,</span> <span class='ocrx_word' id='word_1_252' title='bbox 109 1727 153 1765; x_wconf 84' lang='lat'><strong>628·</strong></span> <span class='ocrx_word' id='word_1_253' title='bbox 180 1725 263 1773; x_wconf 80' lang='lat' dir='ltr'>Nescio,</span> <span class='ocrx_word' id='word_1_254' title='bbox 279 1725 328 1775; x_wconf 82' lang='lat' dir='ltr'>quid</span> <span class='ocrx_word' id='word_1_255' title='bbox 338 1723 445 1775; x_wconf 86' lang='lat' dir='ltr'>impulerit</span> <span class='ocrx_word' id='word_1_256' title='bbox 455 1723 523 1766; x_wconf 67' lang='lat' dir='ltr'>Wak,</span> <span class='ocrx_word' id='word_1_257' title='bbox 537 1731 561 1761; x_wconf 87' lang='lat' dir='ltr'>ut</span> <span class='ocrx_word' id='word_1_258' title='bbox 572 1724 598 1761; x_wconf 91' lang='lat' dir='ltr'>de</span> <span class='ocrx_word' id='word_1_259' title='bbox 608 1725 689 1777; x_wconf 82' lang='lat' dir='ltr'>vulgari</span> <span class='ocrx_word' id='word_1_260' title='bbox 701 1724 777 1762; x_wconf 79' lang='lat' dir='ltr'>lectio-</span> 
     </span>
     <span class='ocr_line' id='line_1_31' title="bbox 57 1769 776 1829; baseline 0 -16"><span class='ocrx_word' id='word_1_261' title='bbox 57 1787 84 1813; x_wconf 88' lang='lat' dir='ltr'>ne</span> <span class='ocrx_word' id='word_1_262' title='bbox 94 1791 172 1829; x_wconf 76' lang='lat' dir='ltr'>uogare</span> <span class='ocrx_word' id='word_1_263' title='bbox 181 1776 291 1823; x_wconf 83' lang='lat' dir='ltr'>dubitaret,</span> <span class='ocrx_word' id='word_1_264' title='bbox 303 1776 365 1827; x_wconf 80' lang='lat' dir='ltr'>quam</span> <span class='ocrx_word' id='word_1_265' title='bbox 377 1776 417 1813; x_wconf 89' lang='lat' dir='ltr'>duo</span> <span class='ocrx_word' id='word_1_266' title='bbox 432 1775 497 1813; x_wconf 89' lang='lat' dir='ltr'>Godd.</span> <span class='ocrx_word' id='word_1_267' title='bbox 508 1769 608 1813; x_wconf 72' lang='lat' dir='ltr'>Lambini</span> <span class='ocrx_word' id='word_1_268' title='bbox 621 1784 649 1824; x_wconf 87' lang='lat' dir='ltr'>et,</span> <span class='ocrx_word' id='word_1_269' title='bbox 660 1778 677 1814; x_wconf 93' lang='lat' dir='ltr'>si</span> <span class='ocrx_word' id='word_1_270' title='bbox 689 1777 776 1815; x_wconf 82' lang='lat' dir='ltr'>collato-</span> 
     </span>
     <span class='ocr_line' id='line_1_32' title="bbox 57 1827 775 1879; baseline 0.001 -15"><span class='ocrx_word' id='word_1_271' title='bbox 57 1827 116 1864; x_wconf 81' lang='lat' dir='ltr'>ribus</span> <span class='ocrx_word' id='word_1_272' title='bbox 133 1827 185 1865; x_wconf 80' lang='lat' dir='ltr'>tides</span> <span class='ocrx_word' id='word_1_273' title='bbox 200 1828 306 1876; x_wconf 81' lang='lat' dir='ltr'>habenda,</span> <span class='ocrx_word' id='word_1_274' title='bbox 320 1828 386 1879; x_wconf 83' lang='lat' dir='ltr'>Lugd.</span> <span class='ocrx_word' id='word_1_275' title='bbox 398 1830 417 1867; x_wconf 86' lang='lat'>2.</span> <span class='ocrx_word' id='word_1_276' title='bbox 428 1827 485 1864; x_wconf 88' lang='lat' dir='ltr'>Bodl.</span> <span class='ocrx_word' id='word_1_277' title='bbox 499 1833 519 1865; x_wconf 89' lang='lat' dir='ltr'>et</span> <span class='ocrx_word' id='word_1_278' title='bbox 527 1828 603 1878; x_wconf 77' lang='lat' dir='ltr'>fragm,</span> <span class='ocrx_word' id='word_1_279' title='bbox 615 1829 674 1867; x_wconf 87' lang='lat' dir='ltr'>Vind.</span> <span class='ocrx_word' id='word_1_280' title='bbox 685 1829 775 1874; x_wconf 79' lang='lat' dir='ltr'>habent3</span> 
     </span>
     <span class='ocr_line' id='line_1_33' title="bbox 57 1878 776 1929; baseline 0 -14"><span class='ocrx_word' id='word_1_281' title='bbox 57 1878 124 1929; x_wconf 70' lang='lat' dir='ltr'>Lugd.</span> <span class='ocrx_word' id='word_1_282' title='bbox 137 1882 155 1918; x_wconf 87' lang='lat'>1.</span> <span class='ocrx_word' id='word_1_283' title='bbox 165 1878 210 1918; x_wconf 68' lang='lat' dir='ltr'>illd.</span> <span class='ocrx_word' id='word_1_284' title='bbox 223 1882 240 1919; x_wconf 89' lang='lat'>1.</span> <span class='ocrx_word' id='word_1_285' title='bbox 253 1885 274 1916; x_wconf 90' lang='lat' dir='ltr'>et</span> <span class='ocrx_word' id='word_1_286' title='bbox 284 1882 332 1915; x_wconf 80' lang='lat' dir='ltr'>Bon.</span> <span class='ocrx_word' id='word_1_287' title='bbox 344 1895 428 1924; x_wconf 79' lang='lat' dir='ltr'>vacare,</span> <span class='ocrx_word' id='word_1_288' title='bbox 440 1881 494 1917; x_wconf 89' lang='lat' dir='ltr'>Iunt.</span> <span class='ocrx_word' id='word_1_289' title='bbox 507 1885 528 1915; x_wconf 88' lang='lat' dir='ltr'>et</span> <span class='ocrx_word' id='word_1_290' title='bbox 539 1879 584 1917; x_wconf 79' lang='lat' dir='ltr'>ald.</span> <span class='ocrx_word' id='word_1_291' title='bbox 593 1881 611 1917; x_wconf 86' lang='lat'>2.</span> <span class='ocrx_word' id='word_1_292' title='bbox 623 1883 705 1927; x_wconf 77' lang='lat' dir='ltr'>uocari,</span> <span class='ocrx_word' id='word_1_293' title='bbox 719 1885 776 1917; x_wconf 85' lang='lat' dir='ltr'>cete-</span> 
     </span>
     <span class='ocr_line' id='line_1_34' title="bbox 57 1928 776 1981; baseline 0.004 -17"><span class='ocrx_word' id='word_1_294' title='bbox 57 1928 79 1966; x_wconf 78' lang='lat' dir='ltr'>ri</span> <span class='ocrx_word' id='word_1_295' title='bbox 89 1943 160 1968; x_wconf 79' lang='lat' dir='ltr'>onmes</span> <span class='ocrx_word' id='word_1_296' title='bbox 169 1946 249 1979; x_wconf 68' lang='lat' dir='ltr'>vocare,</span> <span class='ocrx_word' id='word_1_297' title='bbox 264 1930 320 1980; x_wconf 84' lang='lat' dir='ltr'>quod</span> <span class='ocrx_word' id='word_1_298' title='bbox 331 1930 391 1968; x_wconf 82' lang='lat' dir='ltr'>Wak.</span> <span class='ocrx_word' id='word_1_299' title='bbox 402 1942 476 1967; x_wconf 85' lang='lat' dir='ltr'>verum</span> <span class='ocrx_word' id='word_1_300' title='bbox 486 1929 555 1978; x_wconf 80' lang='lat' dir='ltr'>habet,</span> <span class='ocrx_word' id='word_1_301' title='bbox 567 1931 621 1967; x_wconf 88' lang='lat' dir='ltr'>miro</span> <span class='ocrx_word' id='word_1_302' title='bbox 632 1931 696 1969; x_wconf 87' lang='lat' dir='ltr'>modo</span> <span class='ocrx_word' id='word_1_303' title='bbox 708 1929 776 1981; x_wconf 81' lang='lat' dir='ltr'>expli-</span> 
     </span>
     <span class='ocr_line' id='line_1_35' title="bbox 59 1981 777 2034; baseline 0.004 -18"><span class='ocrx_word' id='word_1_304' title='bbox 59 1986 140 2018; x_wconf 82' lang='lat' dir='ltr'>catum:</span> <span class='ocrx_word' id='word_1_305' title='bbox 154 1983 246 2034; x_wconf 77' lang='lat' dir='ltr'>„Neque</span> <span class='ocrx_word' id='word_1_306' title='bbox 260 1981 321 2018; x_wconf 88' lang='lat' dir='ltr'>aliter</span> <span class='ocrx_word' id='word_1_307' title='bbox 337 1994 445 2031; x_wconf 87' lang='lat' dir='ltr'>possumus</span> <span class='ocrx_word' id='word_1_308' title='bbox 459 1981 565 2017; x_wconf 86' lang='lat' dir='ltr'>nobismet</span> <span class='ocrx_word' id='word_1_309' title='bbox 575 1994 693 2031; x_wconf 81' lang='lat' dir='ltr'>proponere</span> <span class='ocrx_word' id='word_1_310' title='bbox 704 1981 777 2019; x_wconf 88' lang='lat' dir='ltr'>nomi-</span> 
     </span>
     <span class='ocr_line' id='line_1_36' title="bbox 57 2031 776 2081; baseline 0.004 -14"><span class='ocrx_word' id='word_1_311' title='bbox 57 2040 108 2067; x_wconf 85' lang='lat' dir='ltr'>nare</span> <span class='ocrx_word' id='word_1_312' title='bbox 117 2031 196 2070; x_wconf 87' lang='lat' dir='ltr'>animas</span> <span class='ocrx_word' id='word_1_313' title='bbox 208 2033 328 2077; x_wconf 50' lang='lat' dir='ltr'>defunctam</span> <span class='ocrx_word' id='word_1_314' title='bbox 341 2032 354 2069; x_wconf 85' lang='lat' dir='ltr'>i.</span> <span class='ocrx_word' id='word_1_315' title='bbox 365 2045 382 2071; x_wconf 89' lang='lat' dir='ltr'>e.</span> <span class='ocrx_word' id='word_1_316' title='bbox 394 2033 419 2070; x_wconf 90' lang='lat' dir='ltr'>de</span> <span class='ocrx_word' id='word_1_317' title='bbox 429 2031 470 2069; x_wconf 89' lang='lat' dir='ltr'>illis</span> <span class='ocrx_word' id='word_1_318' title='bbox 480 2031 546 2081; x_wconf 86' lang='lat' dir='ltr'>loqui.</span> <span class='ocrx_word' id='word_1_319' title='bbox 553 2032 568 2054; x_wconf 86' lang='lat'>“</span> <span class='ocrx_word' id='word_1_320' title='bbox 595 2034 641 2071; x_wconf 89' lang='lat' dir='ltr'>Imo</span> <span class='ocrx_word' id='word_1_321' title='bbox 651 2034 719 2072; x_wconf 87' lang='lat' dir='ltr'>rarior</span> <span class='ocrx_word' id='word_1_322' title='bbox 727 2045 776 2071; x_wconf 86' lang='lat' dir='ltr'>usus</span> 
     </span>
     <span class='ocr_line' id='line_1_37' title="bbox 57 2082 776 2138; baseline 0.006 -20"><span class='ocrx_word' id='word_1_323' title='bbox 57 2082 117 2119; x_wconf 83' lang='lat' dir='ltr'>verbi</span> <span class='ocrx_word' id='word_1_324' title='bbox 133 2084 194 2122; x_wconf 84' lang='lat' dir='ltr'>activi</span> <span class='ocrx_word' id='word_1_325' title='bbox 210 2101 290 2138; x_wconf 75' lang='lat' dir='ltr'>nugare·</span> <span class='ocrx_word' id='word_1_326' title='bbox 303 2084 342 2133; x_wconf 85' lang='lat' dir='ltr'>(de</span> <span class='ocrx_word' id='word_1_327' title='bbox 358 2097 399 2135; x_wconf 81' lang='lat' dir='ltr'>quo</span> <span class='ocrx_word' id='word_1_328' title='bbox 418 2083 474 2124; x_wconf 83' lang='lat' dir='ltr'>conf.</span> <span class='ocrx_word' id='word_1_329' title='bbox 491 2084 569 2121; x_wconf 86' lang='lat' dir='ltr'>Nonius</span> <span class='ocrx_word' id='word_1_330' title='bbox 579 2085 627 2133; x_wconf 87' lang='lat' dir='ltr'>VH,</span> <span class='ocrx_word' id='word_1_331' title='bbox 640 2088 659 2125; x_wconf 88' lang='lat'>2.</span> <span class='ocrx_word' id='word_1_332' title='bbox 677 2085 776 2123; x_wconf 77' lang='lat' dir='ltr'>Priscian.</span> 
     </span>
     <span class='ocr_line' id='line_1_38' title="bbox 57 2133 775 2194; baseline 0.006 -25"><span class='ocrx_word' id='word_1_333' title='bbox 57 2133 110 2194; x_wconf 64' lang='lat' dir='ltr'>vill,</span> <span class='ocrx_word' id='word_1_334' title='bbox 121 2136 139 2173; x_wconf 82' lang='lat'>6.</span> <span class='ocrx_word' id='word_1_335' title='bbox 152 2136 170 2184; x_wconf 60' lang='grc' dir='ltr'>ἕ.</span> <span class='ocrx_word' id='word_1_336' title='bbox 180 2137 211 2186; x_wconf 84' lang='grc'>30.</span> <span class='ocrx_word' id='word_1_337' title='bbox 226 2138 254 2186; x_wconf 77' lang='grc' dir='ltr'>(ρ.</span> <span class='ocrx_word' id='word_1_338' title='bbox 265 2138 309 2176; x_wconf 81' lang='lat'><strong>799.</strong></span> <span class='ocrx_word' id='word_1_339' title='bbox 320 2137 350 2185; x_wconf 88' lang='grc' dir='ltr'>Ρ.)</span> <span class='ocrx_word' id='word_1_340' title='bbox 365 2143 386 2173; x_wconf 90' lang='lat' dir='ltr'>et</span> <span class='ocrx_word' id='word_1_341' title='bbox 396 2135 492 2173; x_wconf 85' lang='lat' dir='ltr'>Ruddim.</span> <span class='ocrx_word' id='word_1_342' title='bbox 503 2137 552 2173; x_wconf 81' lang='lat' dir='ltr'>lust.</span> <span class='ocrx_word' id='word_1_343' title='bbox 568 2136 605 2175; x_wconf 83' lang='lat' dir='ltr'>Gr.</span> <span class='ocrx_word' id='word_1_344' title='bbox 615 2139 630 2174; x_wconf 86' lang='grc' dir='ltr'>Ι,</span> <span class='ocrx_word' id='word_1_345' title='bbox 642 2150 663 2188; x_wconf 87' lang='lat' dir='ltr'>p.</span> <span class='ocrx_word' id='word_1_346' title='bbox 673 2138 719 2178; x_wconf 85' lang='lat'><strong>277.</strong></span> <span class='ocrx_word' id='word_1_347' title='bbox 730 2143 775 2174; x_wconf 83' lang='lat' dir='ltr'>not.</span> 
     </span>
     <span class='ocr_line' id='line_1_39' title="bbox 58 2186 530 2231; baseline 0.002 -10"><span class='ocrx_word' id='word_1_348' title='bbox 58 2186 103 2231; x_wconf 61' lang='lat'>64)</span> <span class='ocrx_word' id='word_1_349' title='bbox 118 2197 188 2224; x_wconf 85' lang='lat' dir='ltr'>ansam</span> <span class='ocrx_word' id='word_1_350' title='bbox 199 2188 341 2225; x_wconf 88' lang='lat' dir='ltr'>mutationum</span> <span class='ocrx_word' id='word_1_351' title='bbox 353 2188 432 2225; x_wconf 85' lang='lat' dir='ltr'>dedisse</span> <span class='ocrx_word' id='word_1_352' title='bbox 443 2186 530 2223; x_wconf 88' lang='lat' dir='ltr'>videtur.</span> 
     </span>
    </p>
   </div>
   <div class='ocr_carea' id='block_1_7' title="bbox 59 2249 776 2338">
    <p class='ocr_par' dir='ltr' id='par_1_11' title="bbox 59 2249 776 2338">
     <span class='ocr_line' id='line_1_40' title="bbox 111 2249 776 2305; baseline 0.002 -18"><span class='ocrx_word' id='word_1_353' title='bbox 111 2250 155 2287; x_wconf 82' lang='lat'><strong>632.</strong></span> <span class='ocrx_word' id='word_1_354' title='bbox 181 2266 245 2305; x_wconf 80' lang='lat' dir='ltr'>neque</span> <span class='ocrx_word' id='word_1_355' title='bbox 260 2252 331 2302; x_wconf 80' lang='lat' dir='ltr'>aures]</span> <span class='ocrx_word' id='word_1_356' title='bbox 346 2251 375 2289; x_wconf 90' lang='lat' dir='ltr'>sic</span> <span class='ocrx_word' id='word_1_357' title='bbox 389 2250 449 2290; x_wconf 78' lang='lat' dir='ltr'>Wak.</span> <span class='ocrx_word' id='word_1_358' title='bbox 465 2263 514 2288; x_wconf 87' lang='lat' dir='ltr'>cum</span> <span class='ocrx_word' id='word_1_359' title='bbox 524 2250 619 2289; x_wconf 89' lang='lat' dir='ltr'>omnibus</span> <span class='ocrx_word' id='word_1_360' title='bbox 629 2249 700 2299; x_wconf 84' lang='lat' dir='ltr'>libris;</span> <span class='ocrx_word' id='word_1_361' title='bbox 714 2249 776 2302; x_wconf 77' lang='lat' dir='ltr'>vulgo</span> 
     </span>
     <span class='ocr_line' id='line_1_41' title="bbox 59 2312 171 2338; baseline 0 -1"><span class='ocrx_word' id='word_1_362' title='bbox 59 2312 96 2337; x_wconf 71' lang='lat'>7230</span> <span class='ocrx_word' id='word_1_363' title='bbox 106 2314 171 2338; x_wconf 61' lang='lat' dir='ltr'>aldred*-</span> 
     </span>
    </p>
   </div>
   <div class='ocr_carea' id='block_1_8' title="bbox 59 2350 834 2563">
    <p class='ocr_par' dir='ltr' id='par_1_12' title="bbox 59 2350 834 2563">
     <span class='ocr_line' id='line_1_42' title="bbox 110 2350 776 2403; baseline 0.002 -14"><span class='ocrx_word' id='word_1_364' title='bbox 110 2351 154 2389; x_wconf 81' lang='lat'>633.</span> <span class='ocrx_word' id='word_1_365' title='bbox 181 2350 214 2388; x_wconf 86' lang='lat' dir='ltr'>Sic</span> <span class='ocrx_word' id='word_1_366' title='bbox 229 2353 308 2403; x_wconf 72' lang='lat' dir='ltr'>legitur</span> <span class='ocrx_word' id='word_1_367' title='bbox 322 2353 357 2392; x_wconf 86' lang='lat' dir='ltr'>hic</span> <span class='ocrx_word' id='word_1_368' title='bbox 373 2366 448 2395; x_wconf 85' lang='lat' dir='ltr'>versus</span> <span class='ocrx_word' id='word_1_369' title='bbox 459 2352 481 2390; x_wconf 90' lang='lat' dir='ltr'>in</span> <span class='ocrx_word' id='word_1_370' title='bbox 498 2355 594 2391; x_wconf 82' lang='lat' dir='ltr'>omnibus</span> <span class='ocrx_word' id='word_1_371' title='bbox 613 2352 678 2391; x_wconf 80' lang='lat' dir='ltr'>Codd</span> <span class='ocrx_word' id='word_1_372' title='bbox 693 2358 714 2391; x_wconf 90' lang='lat' dir='ltr'>et</span> <span class='ocrx_word' id='word_1_373' title='bbox 726 2357 776 2390; x_wconf 81' lang='lat' dir='ltr'>vett.</span> 
     </span>
     <span class='ocr_line' id='line_1_43' title="bbox 60 2397 834 2457; baseline 0 -17"><span class='ocrx_word' id='word_1_374' title='bbox 60 2397 128 2447; x_wconf 80' lang='lat' dir='ltr'>editt,</span> <span class='ocrx_word' id='word_1_375' title='bbox 145 2402 241 2451; x_wconf 81' lang='lat' dir='ltr'>equibus</span> <span class='ocrx_word' id='word_1_376' title='bbox 252 2401 312 2443; x_wconf 76' lang='lat' dir='ltr'>Wak.</span> <span class='ocrx_word' id='word_1_377' title='bbox 324 2406 477 2444; x_wconf 60' lang='lat' dir='ltr'>eum&#39;restituit.</span> <span class='ocrx_word' id='word_1_378' title='bbox 498 2407 572 2457; x_wconf 57' lang='lat' dir='ltr'>Uulgo</span> <span class='ocrx_word' id='word_1_379' title='bbox 591 2406 646 2442; x_wconf 82' lang='lat' dir='ltr'>enini</span> <span class='ocrx_word' id='word_1_380' title='bbox 661 2405 696 2442; x_wconf 81' lang='lat' dir='ltr'>hic</span> <span class='ocrx_word' id='word_1_381' title='bbox 708 2400 777 2441; x_wconf 80' lang='lat' dir='ltr'>editur</span> <span class='ocrx_word' id='word_1_382' title='bbox 832 2404 834 2406; x_wconf 62' lang='grc'><strong><em>’</em></strong></span> 
     </span>
     <span class='ocr_line' id='line_1_44' title="bbox 59 2455 776 2511; baseline 0.017 -21"><span class='ocrx_word' id='word_1_383' title='bbox 59 2463 130 2510; x_wconf 73' lang='lat' dir='ltr'>versus</span> <span class='ocrx_word' id='word_1_384' title='bbox 147 2465 161 2492; x_wconf 87' lang='lat' dir='ltr'>e</span> <span class='ocrx_word' id='word_1_385' title='bbox 178 2455 274 2493; x_wconf 89' lang='lat' dir='ltr'>Lambini</span> <span class='ocrx_word' id='word_1_386' title='bbox 290 2459 374 2496; x_wconf 82' lang='lat' dir='ltr'>officina</span> <span class='ocrx_word' id='word_1_387' title='bbox 387 2461 467 2511; x_wconf 78' lang='lat' dir='ltr'>Absque</span> <span class='ocrx_word' id='word_1_388' title='bbox 484 2461 553 2497; x_wconf 79' lang='lat' dir='ltr'>enimn</span> <span class='ocrx_word' id='word_1_389' title='bbox 563 2474 583 2510; x_wconf 80' lang='lat' dir='ltr'>p.</span> <span class='ocrx_word' id='word_1_390' title='bbox 596 2473 613 2497; x_wconf 81' lang='lat' dir='ltr'>s.</span> <span class='ocrx_word' id='word_1_391' title='bbox 621 2473 643 2509; x_wconf 80' lang='lat' dir='ltr'>p.</span> <span class='ocrx_word' id='word_1_392' title='bbox 652 2473 668 2496; x_wconf 81' lang='lat' dir='ltr'>s.</span> <span class='ocrx_word' id='word_1_393' title='bbox 679 2472 715 2495; x_wconf 82' lang='lat' dir='ltr'>nec</span> <span class='ocrx_word' id='word_1_394' title='bbox 727 2471 776 2501; x_wconf 66' lang='lat' dir='ltr'>esse,</span> 
     </span>
     <span class='ocr_line' id='line_1_45' title="bbox 60 2503 775 2563; baseline 0.003 -21"><span class='ocrx_word' id='word_1_395' title='bbox 60 2515 138 2555; x_wconf 75' lang='lat' dir='ltr'>quivit</span> <span class='ocrx_word' id='word_1_396' title='bbox 149 2503 222 2543; x_wconf 86' lang='lat' dir='ltr'>doctus</span> <span class='ocrx_word' id='word_1_397' title='bbox 232 2506 293 2546; x_wconf 87' lang='lat' dir='ltr'>simul</span> <span class='ocrx_word' id='word_1_398' title='bbox 302 2518 370 2563; x_wconf 82' lang='lat' dir='ltr'>putat,</span> <span class='ocrx_word' id='word_1_399' title='bbox 384 2510 497 2562; x_wconf 81' lang='lat' dir='ltr'>posthunc</span> <span class='ocrx_word' id='word_1_400' title='bbox 508 2522 591 2549; x_wconf 78' lang='lat' dir='ltr'>uersum</span> <span class='ocrx_word' id='word_1_401' title='bbox 600 2510 669 2560; x_wconf 85' lang='lat' dir='ltr'>plures</span> <span class='ocrx_word' id='word_1_402' title='bbox 679 2507 731 2545; x_wconf 82' lang='lat' dir='ltr'>alios</span> <span class='ocrx_word' id='word_1_403' title='bbox 743 2519 775 2544; x_wconf 86' lang='lat' dir='ltr'>ex-</span> 
     </span>
    </p>
   </div>
   <div class='ocr_carea' id='block_1_9' title="bbox 0 0 857 2654">
    <p class='ocr_par' dir='ltr' id='par_1_13' title="bbox 0 0 857 2654">
     <span class='ocr_line' id='line_1_46' title="bbox 0 0 857 2654; baseline 0 0"><span class='ocrx_word' id='word_1_404' title='bbox 0 0 857 2654; x_wconf 95' lang='lat' dir='ltr'> </span> 
     </span>
    </p>
   </div>
  </div>
 </body>
</html>
