1690 2654
42 65 44 68 ’
85 73 133 121 220
303 36 583 113 cunctimodas

84 184 123 228 ,sed
131 182 182 220 illud
190 181 224 219 vel
231 178 293 216 metri
304 191 365 217 causa
377 180 403 217 ab
415 179 530 218 editoribus
535 181 644 229 insertum,
655 192 720 230 quum
726 178 803 230 reliqui

87 233 149 273 Godd.
162 242 234 270 ornnes
247 236 378 282 cunctaeque
394 230 452 272 editt.
467 238 516 270 vett.
531 232 600 270 solum
614 234 704 284 adusque
714 232 803 281 praebe-

86 293 127 333 ant,
143 296 195 335 quae
204 283 308 320 correctio
318 284 401 321 videtur
413 283 502 322 hominis
513 283 538 322 de
548 290 617 322 metro
625 285 701 334 parum
710 282 802 332 solliciti,

82 334 280 427 Ἰ(χιιειιέέξίᾶνεέὴὲιὲιῐι
288 334 342 423 li3llud
352 336 483 426 ipsolentipri
496 336 559 373 modo
574 336 667 386 positum
683 333 803 422 offenderlit.

175 418 179 428 .
222 400 233 424 o
265 417 270 426 .
303 393 337 427 r1t.
378 417 381 424 .
408 394 429 424 et
465 401 508 426 oor.
528 392 608 427 ratione
625 390 716 433 viarum,
738 398 803 423 mae.

87 438 163 488 (Conf.
174 438 190 487 I,
206 436 263 477 tols).
279 439 307 486 H,
321 435 380 489 249.)
393 437 454 479 Wak.
462 439 534 478 laudat
542 439 601 491 Virg.
610 442 659 477 Aen.
676 438 708 486 Il,
718 438 763 478 787.
781 442 803 488 et

81 490 174 528 Martial.
186 491 225 536 HI,
234 487 253 537 4,
260 491 284 539 Ι2.
633 490 637 494 “

83 563 92 588 ,-
138 543 183 581 961.
212 543 270 590 Quo]
284 539 314 578 sic
326 540 478 590 optimi'Codd.
489 541 554 592 Lugd.
567 545 585 580 1.
599 544 618 581 2.
635 543 697 588 (cum
709 540 769 578 Vind.
782 545 803 577 et

82 593 177 642 fiuntd)
197 598 218 630 et
233 604 305 630 omnes
314 598 362 644 post¹
371 592 495 631 Lambinum
507 593 602 631 editores.
622 592 662 630 Sed
673 591 729 631 Bodl.
740 593 803 630 Poor.

83 645 167 684 britti.
177 645 196 683 2.
207 645 226 683 3.
239 649 261 680 et
274 655 346 680 omnes
360 650 409 681 vett.
423 644 480 684 editt.
491 647 556 696 quod,·
575 656 640 694 quare
652 643 719 684 Gifan.
736 644 804 696 quoad

84 696 185 742 coniecit,
199 695 254 744 quod
265 695 292 731 ob
301 695 372 730 locum
382 698 407 737 ll,
422 695 468 733 85οζ
480 701 500 730 et
515 696 622 742 permulta
637 694 677 732 alia
688 695 803 744 synizeseos

82 746 183 796 ⁴exempla
198 746 219 782 in
233 745 274 782 hoc
293 744 385 781 carmine
400 745 461 782 obvia
475 744 619 794 recipiendum
634 753 764 794 statuerem,
785 744 804 783 si

76 805 142 844 'geum>
154 796 219 835 verbo
231 798 310 847 longius
321 801 370 845 apte
380 796 488 834 conciliari
501 797 578 846 'posset
614 798 714 835 Ceterum
730 814 768 850 quo
783 802 804 835 et

71 849 140 902 ,pund
154 847 267 885 sexcenties
278 846 370 884 confusa.
397 847 475 895 (Gont.
485 848 556 886 statim
570 848 597 886 ad
611 862 630 887 v.
646 850 691 889 971.
707 855 728 886 et
741 848 803 887 Wak.

83 900 114 938 ad
122 901 149 941 IL
160 901 205 945 336.
215 900 250 947 IV,
261 899 306 936 att.
316 900 350 945 VI,
361 897 416 948 473.)

138 952 182 991 962.
206 960 241 989 est
253 950 275 987 in
285 949 326 988 fine
337 962 421 999 versus,
441 949 498 1002 quod
507 949 568 989 Wak.
584 949 665 996 omisit,
679 960 728 988 cum
737 948 804 992 Godd.

85 1002 136 1041 Brit.
146 1004 165 1041 2.
176 1003 195 1042 3.
212 1002 272 1039 Cant.
285 1001 373 1042 et'editt.
382 1003 436 1040 Innt.
449 1002 496 1042 ald:
503 1004 523 1042 2.
533 1002 610 1045 retinui
620 1001 647 1041 ob
657 1001 717 1040 locos
729 1002 746 1049 I,
755 1003 803 1042 906.

85 1051 192 1101 tanton.
205 1054 235 1101 H,
252 1055 297 1092 700.
313 1054 351 1103 ΙΙΙ,
369 1056 413 1093 668.
428 1056 473 1093 686.
488 1056 532 1093 688.
547 1056 592 1094 989.
610 1053 703 1104 aliosque
717 1053 804 1103 multos,

86 1104 216 1156 quamquam
226 1117 268 1141 non
279 1118 345 1154 nego,
367 1105 420 1142 mihi
434 1107 512 1154 opponi
531 1118 591 1155 posse
604 1107 627 1152 I,
643 1108 686 1144 112.
702 1106 803 1145 138688.

87 1158 116 1205 Π,
123 1158 156 1202 39,
170 1157 210 1204 111,
223 1156 267 1195 797.
280 1161 301 1193 et
310 1155 361 1194 alios
373 1155 481 1206 quosdam.
508 1157 592 1207 Saepius
603 1163 674 1194 tamen
685 1159 747 1195 Lucr.
757 1167 805 1194 ver-

87 1209 141 1252 itum
151 1207 228 1249 addere
237 1206 297 1244 solet.

140 1262 185 1298 969.
214 1261 302 1297 Ultimus
311 1258 422 1308 extremus}
437 1257 500 1295 Bentl.
511 1257 566 1296 coni.
592 1259 685 1298 Nanctus
695 1268 803 1310 extremm,

88 1310 137 1350 satis
149 1310 267 1348 infeliciter.
296 1311 303 1356 (
310 1310 370 1347 conf.
379 1310 406 1346 ad
416 1324 433 1348 v.
446 1308 501 1356 814.)
689 1350 709 1352 ,,

97 1385 98 1388 ¹
124 1362 185 1406 971.
214 1363 271 1410 Quo]
286 1359 351 1400 Codd.
363 1360 423 1399 Vind.
438 1362 497 1398 Poor.
509 1359 555 1397 Brit.
567 1360 586 1400 3.
606 1360 666 1399 Cant.
680 1373 728 1408 cum
744 1360 804 1400 editt.

87 1413 141 1460 Brix.
152 1415 200 1451 Ver.
211 1414 263 1450 Ven.
275 1414 330 1452 lunt.
340 1412 417 1453 nid-2.
433 1428 478 1465 quo.
498 1412 544 1450 vid.
558 1411 584 1450 ad
594 1424 612 1448 v.
622 1412 666 1451 961.
704 1456 705 1460 Ἰ

87 1500 90 1504 .
139 1467 184 1504 976.
210 1465 329 1516 prohibeat,
347 1476 385 1513 per
399 1463 518 1514 synaeresin
533 1462 630 1500 Lucretio
648 1462 804 1502 usitatissimam

87 1523 112 1557 ut
120 1516 252 1566 trisyllabum
261 1515 452 1566 pronuntiandum,
465 1513 644 1566 quemadmodum
654 1516 692 1562 ΠΙ,
702 1517 747 1554 930.
758 1527 804 1555 tor-

87 1579 133 1614 reat
143 1575 164 1606 et
173 1567 256 1606 similia.
281 1568 361 1605 Tamen
372 1564 415 1605 non
427 1567 505 1605 mirum
516 1573 547 1604 est
556 1565 653 1603 librarios
663 1566 704 1603 hoc
715 1567 804 1607 verbum

87 1619 145 1662 varie
163 1618 294 1669 corrupisse,
310 1618 341 1657 ita
354 1625 379 1656 ut
394 1619 453 1658 Gott.
466 1620 563 1670 probeat,
584 1617 649 1655 ceteri
663 1629 713 1655 vero
731 1621 804 1656 omnes

87 1683 138 1718 cum
149 1670 207 1709 editt.
221 1669 275 1706 Brix.
289 1674 337 1710 Ver.
355 1672 406 1708 Ven.
420 1673 518 1723 praebeat
533 1668 650 1707 exhibeant.
665 1668 710 1708 Ald.
728 1672 746 1709 1.
760 1669 804 1708 iam

87 1728 146 1770 recte
158 1722 287 1774 prohibeat,
298 1734 361 1771 quam
371 1728 486 1772 sequnntur
496 1724 545 1759 Bon.
559 1722 613 1759 lunt.
627 1719 671 1759 Atd.
681 1721 701 1759 2.
710 1741 736 1748 -
754 1721 804 1770 effi-

88 1773 181 1825 cietque]
196 1771 226 1810 sic
237 1783 309 1809 omnes
319 1773 402 1810 omnino
413 1772 511 1818 Codd.et
522 1771 590 1821 editt,
603 1770 642 1808 nisi
652 1771 708 1822 quod
719 1771 740 1808 in
751 1772 803 1813 Cod-

88 1825 149 1871 Cant.
165 1831 186 1862 et
201 1824 260 1862 editt.
276 1825 332 1863 lunt.
342 1824 387 1863 Ald.
401 1826 420 1863 2.
436 1824 498 1862 metri
512 1836 574 1861 causa
587 1823 694 1876 faciatque
706 1830 803 1874 apparet5
842 1836 843 1839 ’

87 1875 216 1916 recentiores
232 1875 334 1925 editores,
351 1882 440 1927 praeter
453 1875 513 1916 Wak.
530 1882 550 1914 et
568 1874 657 1922 Eichst.,
677 1873 803 1930 officiatque,

87 1928 146 1975 libris
157 1927 325 1968 reclamantibus.

85 1989 90 2009 ³
135 1973 184 2019 ⁴977.
204 1979 298 2032 finique]
314 1977 380 2019 Godd.
390 1979 456 2031 Lugd.
466 1981 486 2019 2.
499 1980 558 2017 Gott.
567 1979 618 2028 fine,
628 1982 743 2027 perperam.
762 1980 804 2018 Lu-

89 2031 166 2079 ¹cretius
178 2032 233 2077 enim
243 2030 357 2068 ablativum
365 2030 541 2069 substantivorum
550 2030 572 2066 in
582 2032 599 2068 is
610 2028 748 2068 desinentium
757 2030 803 2068 fere

89 2093 173 2131 semper
187 2082 211 2119 in
225 2085 241 2125 ι’,
248 2082 336 2132 flectere
346 2082 411 2130 solet,
429 2082 463 2120 vel
474 2083 496 2120 in
507 2081 532 2119 iis
541 2080 621 2129 verbis,
639 2081 677 2117 ubi
687 2081 741 2132 apud
751 2082 803 2120 alios

89 2133 202 2183 scriptores
211 2145 254 2170 non
263 2132 303 2170 nisi
314 2133 337 2170 in
346 2150 357 2172 e
365 2135 498 2172 terminatur.
522 2135 618 2182 Longum
626 2144 698 2170 eorum
709 2134 804 2171 substan-

89 2184 182 2231 tivorum
193 2184 324 2234 catalogum,
345 2198 435 2236 quorum
447 2185 547 2233 ablativus
562 2184 597 2221 hic
609 2183 639 2221 ihi
649 2185 670 2222 in
683 2189 690 2223 ι’
701 2185 804 2223 formatus

90 2235 202 2286 inuenitur,
213 2235 311 2275 exhibent
322 2237 417 2276 Ruddim.
430 2239 481 2278 Inst.
491 2239 547 2287 Gnl.
554 2249 574 2285 p.
586 2235 617 2275 85.
629 2243 649 2273 et
659 2236 754 2275 Schneid.
765 2238 804 2276 Gr.

89 2290 201 2337 Lapillp.
212 2288 250 2326 218
260 2299 293 2335 ss,
303 2289 340 2339 qui
349 2289 419 2338 plures
429 2290 485 2328 viros
499 2289 572 2326 doctos
586 2295 753 2338 commemorant
762 2287 804 2327 hac

90 2340 117 2379 de
128 2353 152 2378 re
162 2339 291 2378 disserentes.
318 2341 445 2380 ELucretio
455 2342 497 2380 hnc
507 2340 624 2392 pertinent:
645 2344 694 2389 bili,
709 2343 743 2389 IV,
757 2343 803 2382 666.

81 2394 157 2441 icelii,
168 2392 197 2440 Il,
207 2391 253 2431 317.
265 2392 310 2430 328.
323 2395 375 2444 igni,
386 2396 402 2442 l,
410 2391 456 2435 491.
468 2401 490 2432 et
501 2392 631 2443 saepissime3
645 2397 701 2444 naui,
714 2395 746 2443 IV,
757 2394 803 2433 888.

89 2447 139 2497 orbi,
152 2441 244 2495 12544.
260 2444 283 2493 V,
298 2443 329 2483 75.
345 2450 366 2481 et
380 2445 472 2497 saepius3
491 2447 564 2486 *sordi
578 2446 619 2496 Vt,
635 2447 692 2487 1270.
709 2452 730 2484 et
747 2443 804 2496 quud
