<?xml version="1.0" encoding="UTF-8"?>
<!DOCTYPE html PUBLIC "-//W3C//DTD XHTML 1.0 Transitional//EN"
    "http://www.w3.org/TR/xhtml1/DTD/xhtml1-transitional.dtd">
<html xmlns="http://www.w3.org/1999/xhtml" xml:lang="en" lang="en">
 <head>
  <title>
</title>
<meta http-equiv="Content-Type" content="text/html;charset=utf-8" />
  <meta name='ocr-system' content='tesseract 3.04.00' />
  <meta name='ocr-capabilities' content='ocr_page ocr_carea ocr_par ocr_line ocrx_word'/>
</head>
<body>
  <div class='ocr_page' id='page_1' title='image "./MN40048ucmf_3_0624.png"; bbox 0 0 1690 2654; ppageno 0'>
   <div class='ocr_carea' id='block_1_1' title="bbox 84 45 609 113">
    <p class='ocr_par' dir='ltr' id='par_1_1' title="bbox 84 45 609 113">
     <span class='ocr_line' id='line_1_1' title="bbox 84 45 609 113; baseline 0 0"><span class='ocrx_word' id='word_1_1' title='bbox 84 65 133 113; x_wconf 75' lang='lat'><em>526</em></span> <span class='ocrx_word' id='word_1_2' title='bbox 303 70 582 113; x_wconf 77' lang='lat' dir='ltr'><em>tunortrtoutts</em></span> <span class='ocrx_word' id='word_1_3' title='bbox 608 45 609 48; x_wconf 45' lang='lat'>&#39;</span> 
     </span>
    </p>
   </div>
   <div class='ocr_carea' id='block_1_2' title="bbox 82 178 802 598">
    <p class='ocr_par' dir='ltr' id='par_1_2' title="bbox 84 178 802 388">
     <span class='ocr_line' id='line_1_2' title="bbox 137 178 801 233; baseline 0.003 -15"><span class='ocrx_word' id='word_1_4' title='bbox 137 178 182 219; x_wconf 80' lang='lat'>818.</span> <span class='ocrx_word' id='word_1_5' title='bbox 209 180 347 233; x_wconf 76' lang='lat' dir='ltr'><em>Exspiratque</em></span> <span class='ocrx_word' id='word_1_6' title='bbox 358 180 419 220; x_wconf 82' lang='lat' dir='ltr'><em>Wak.</em></span> <span class='ocrx_word' id='word_1_7' title='bbox 430 179 522 219; x_wconf 77' lang='lat' dir='ltr'><strong>restituit</strong></span> <span class='ocrx_word' id='word_1_8' title='bbox 532 194 556 220; x_wconf 83' lang='lat' dir='ltr'><em>ex</em></span> <span class='ocrx_word' id='word_1_9' title='bbox 567 180 663 220; x_wconf 89' lang='lat' dir='ltr'><em>omnibus</em></span> <span class='ocrx_word' id='word_1_10' title='bbox 672 181 742 230; x_wconf 76' lang='lat' dir='ltr'><em>iibris3</em></span> <span class='ocrx_word' id='word_1_11' title='bbox 756 182 801 221; x_wconf 87' lang='lat' dir='ltr'><em>vul-</em></span> 
     </span>
     <span class='ocr_line' id='line_1_3' title="bbox 85 232 802 287; baseline 0.006 -19"><span class='ocrx_word' id='word_1_12' title='bbox 85 243 112 282; x_wconf 86' lang='lat' dir='ltr'><em>go</em></span> <span class='ocrx_word' id='word_1_13' title='bbox 128 232 274 285; x_wconf 78' lang='lat' dir='ltr'><em>Exspiretque,</em></span> <span class='ocrx_word' id='word_1_14' title='bbox 294 239 318 269; x_wconf 90' lang='lat' dir='ltr'><em>ut</em></span> <span class='ocrx_word' id='word_1_15' title='bbox 334 239 395 271; x_wconf 84' lang='lat' dir='ltr'><em>antea</em></span> <span class='ocrx_word' id='word_1_16' title='bbox 408 245 523 281; x_wconf 76' lang='lat' dir='ltr'><em>exaestuet,</em></span> <span class='ocrx_word' id='word_1_17' title='bbox 544 233 588 272; x_wconf 84' lang='lat' dir='ltr'><em>sine</em></span> <span class='ocrx_word' id='word_1_18' title='bbox 600 246 668 272; x_wconf 82' lang='lat' dir='ltr'><em>cause.</em></span> <span class='ocrx_word' id='word_1_19' title='bbox 681 235 802 287; x_wconf 77' lang='lat' dir='ltr'><em>-‘operta]</em></span> 
     </span>
     <span class='ocr_line' id='line_1_4' title="bbox 84 284 800 337; baseline 0.004 -16"><span class='ocrx_word' id='word_1_20' title='bbox 84 285 145 321; x_wconf 86' lang='lat' dir='ltr'><em>Poor.</em></span> <span class='ocrx_word' id='word_1_21' title='bbox 156 294 279 337; x_wconf 78' lang='lat' dir='ltr'><em>apertoque;</em></span> <span class='ocrx_word' id='word_1_22' title='bbox 297 285 428 335; x_wconf 82' lang='lat' dir='ltr'><em>„verebatur</em></span> <span class='ocrx_word' id='word_1_23' title='bbox 440 284 521 322; x_wconf 91' lang='lat' dir='ltr'><em>scilicet</em></span> <span class='ocrx_word' id='word_1_24' title='bbox 533 285 643 335; x_wconf 79' lang='lat' dir='ltr'><em>librarius,</em></span> <span class='ocrx_word' id='word_1_25' title='bbox 663 286 725 327; x_wconf 81' lang='lat' dir='ltr'><em>Wak.</em></span> <span class='ocrx_word' id='word_1_26' title='bbox 736 286 800 336; x_wconf 82' lang='lat' dir='ltr'>addit,</span> 
     </span>
     <span class='ocr_line' id='line_1_5' title="bbox 84 335 556 388; baseline 0.004 -15"><span class='ocrx_word' id='word_1_27' title='bbox 84 340 109 373; x_wconf 85' lang='lat' dir='ltr'><em>ut</em></span> <span class='ocrx_word' id='word_1_28' title='bbox 117 335 191 372; x_wconf 86' lang='lat' dir='ltr'><em>literae</em></span> <span class='ocrx_word' id='word_1_29' title='bbox 198 351 225 388; x_wconf 79' lang='lat' dir='ltr'><em>pr</em></span> <span class='ocrx_word' id='word_1_30' title='bbox 237 336 285 373; x_wconf 84' lang='lat' dir='ltr'><em>setis</em></span> <span class='ocrx_word' id='word_1_31' title='bbox 294 337 425 375; x_wconf 84' lang='lat' dir='ltr'><em>suffulcirent</em></span> <span class='ocrx_word' id='word_1_32' title='bbox 433 336 556 386; x_wconf 82' lang='lat' dir='ltr'><em>syllabam.“</em></span> 
     </span>
    </p>

    <p class='ocr_par' dir='ltr' id='par_1_3' title="bbox 82 386 802 598">
     <span class='ocr_line' id='line_1_6' title="bbox 137 386 801 437; baseline 0.002 -11"><span class='ocrx_word' id='word_1_33' title='bbox 137 387 182 426; x_wconf 85' lang='lat'>819.</span> <span class='ocrx_word' id='word_1_34' title='bbox 209 387 294 427; x_wconf 80' lang='lat' dir='ltr'><em>alitibus</em></span> <span class='ocrx_word' id='word_1_35' title='bbox 307 388 438 437; x_wconf 75' lang='lat' dir='ltr'><em>submittere]</em></span> <span class='ocrx_word' id='word_1_36' title='bbox 455 388 516 427; x_wconf 79' lang='lat' dir='ltr'><em>Vind.</em></span> <span class='ocrx_word' id='word_1_37' title='bbox 534 388 582 429; x_wconf 83' lang='lat' dir='ltr'><em>Brit.</em></span> <span class='ocrx_word' id='word_1_38' title='bbox 594 386 613 428; x_wconf 64' lang='lat' dir='ltr'><em>L&#39;</em></span> <span class='ocrx_word' id='word_1_39' title='bbox 627 387 681 429; x_wconf 81' lang='lat' dir='ltr'><em>Briti.</em></span> <span class='ocrx_word' id='word_1_40' title='bbox 690 391 738 429; x_wconf 89' lang='lat' dir='ltr'><em>Ver.</em></span> <span class='ocrx_word' id='word_1_41' title='bbox 748 390 801 428; x_wconf 83' lang='lat' dir='ltr'><em>ven.</em></span> 
     </span>
     <span class='ocr_line' id='line_1_7' title="bbox 84 439 802 493; baseline 0.003 -14"><span class='ocrx_word' id='word_1_42' title='bbox 84 440 143 479; x_wconf 78' lang='lat' dir='ltr'><em>molit</em></span> <span class='ocrx_word' id='word_1_43' title='bbox 155 440 236 478; x_wconf 78' lang='lat' dir='ltr'><em>iussum</em></span> <span class='ocrx_word' id='word_1_44' title='bbox 251 442 342 490; x_wconf 88' lang='lat' dir='ltr'><em>mittere,</em></span> <span class='ocrx_word' id='word_1_45' title='bbox 365 452 433 493; x_wconf 85' lang='lat' dir='ltr'><em>neque</em></span> <span class='ocrx_word' id='word_1_46' title='bbox 450 439 512 478; x_wconf 86' lang='lat' dir='ltr'><em>aliter</em></span> <span class='ocrx_word' id='word_1_47' title='bbox 523 440 599 493; x_wconf 81' lang='lat' dir='ltr'>fragm.</span> <span class='ocrx_word' id='word_1_48' title='bbox 616 440 677 482; x_wconf 86' lang='lat' dir='ltr'><em>Vind.</em></span> <span class='ocrx_word' id='word_1_49' title='bbox 693 443 752 481; x_wconf 85' lang='lat' dir='ltr'><em>malit</em></span> <span class='ocrx_word' id='word_1_50' title='bbox 765 443 802 481; x_wconf 80' lang='lat' dir='ltr'><em>bus</em></span> 
     </span>
     <span class='ocr_line' id='line_1_8' title="bbox 84 490 802 544; baseline 0.004 -13"><span class='ocrx_word' id='word_1_51' title='bbox 84 494 215 540; x_wconf 75' lang='lat' dir='ltr'><em>summittere,</em></span> <span class='ocrx_word' id='word_1_52' title='bbox 229 490 279 531; x_wconf 90' lang='lat' dir='ltr'><em>Brit.</em></span> <span class='ocrx_word' id='word_1_53' title='bbox 290 492 309 531; x_wconf 71' lang='lat'><em>32</em></span> <span class='ocrx_word' id='word_1_54' title='bbox 320 494 393 532; x_wconf 85' lang='lat' dir='ltr'><em>malint</em></span> <span class='ocrx_word' id='word_1_55' title='bbox 402 508 481 533; x_wconf 75' lang='lat' dir='ltr'><em>turtum</em></span> <span class='ocrx_word' id='word_1_56' title='bbox 491 496 576 533; x_wconf 85' lang='lat' dir='ltr'><em>mittere.</em></span> <span class='ocrx_word' id='word_1_57' title='bbox 589 514 616 522; x_wconf 85' lang='lat'>—</span> <span class='ocrx_word' id='word_1_58' title='bbox 629 494 712 544; x_wconf 81' lang='lat' dir='ltr'><em>debent]</em></span> <span class='ocrx_word' id='word_1_59' title='bbox 727 494 775 531; x_wconf 84' lang='lat' dir='ltr'><em>Brit.</em></span> <span class='ocrx_word' id='word_1_60' title='bbox 782 494 802 534; x_wconf 88' lang='grc'><em>3.</em></span> 
     </span>
     <span class='ocr_line' id='line_1_9' title="bbox 82 544 802 598; baseline 0.003 -16"><span class='ocrx_word' id='word_1_61' title='bbox 82 548 168 597; x_wconf 76' lang='lat' dir='ltr'><em>pestem,</em></span> <span class='ocrx_word' id='word_1_62' title='bbox 183 544 238 581; x_wconf 86' lang='lat' dir='ltr'><em>etin</em></span> <span class='ocrx_word' id='word_1_63' title='bbox 249 544 343 595; x_wconf 81' lang='lat' dir='ltr'><em>margine</em></span> <span class='ocrx_word' id='word_1_64' title='bbox 354 548 434 584; x_wconf 84' lang='lat' dir='ltr'><em>odorem</em></span> <span class='ocrx_word' id='word_1_65' title='bbox 439 561 446 588; x_wconf 92' lang='grc'><em>,·</em></span> <span class='ocrx_word' id='word_1_66' title='bbox 460 558 472 582; x_wconf 86' lang='lat' dir='ltr'><em>a</em></span> <span class='ocrx_word' id='word_1_67' title='bbox 480 546 533 585; x_wconf 88' lang='lat' dir='ltr'><em>Brit.</em></span> <span class='ocrx_word' id='word_1_68' title='bbox 544 547 563 585; x_wconf 85' lang='lat'><em>1.</em></span> <span class='ocrx_word' id='word_1_69' title='bbox 573 544 634 587; x_wconf 86' lang='lat' dir='ltr'><em>Vind.</em></span> <span class='ocrx_word' id='word_1_70' title='bbox 649 545 726 598; x_wconf 77' lang='lat' dir='ltr'><em>fragm.</em></span> <span class='ocrx_word' id='word_1_71' title='bbox 739 545 802 585; x_wconf 83' lang='lat' dir='ltr'><em>vind.</em></span> 
     </span>
    </p>
   </div>
   <div class='ocr_carea' id='block_1_3' title="bbox 3 595 482 649">
    <p class='ocr_par' dir='ltr' id='par_1_4' title="bbox 3 595 482 649">
     <span class='ocr_line' id='line_1_10' title="bbox 3 595 482 649; baseline -0.002 -14"><span class='ocrx_word' id='word_1_72' title='bbox 3 607 7 649; x_wconf 65' lang='grc' dir='ltr'>ζ</span> <span class='ocrx_word' id='word_1_73' title='bbox 84 595 138 635; x_wconf 80' lang='lat' dir='ltr'><em>Brix.</em></span> <span class='ocrx_word' id='word_1_74' title='bbox 148 596 197 633; x_wconf 86' lang='lat' dir='ltr'><em>Ver.</em></span> <span class='ocrx_word' id='word_1_75' title='bbox 208 597 260 635; x_wconf 89' lang='lat' dir='ltr'><em>Ven.</em></span> <span class='ocrx_word' id='word_1_76' title='bbox 271 608 311 634; x_wconf 84' lang='lat' dir='ltr'><em>vox</em></span> <span class='ocrx_word' id='word_1_77' title='bbox 321 609 405 647; x_wconf 89' lang='lat' dir='ltr'><em>prorsus</em></span> <span class='ocrx_word' id='word_1_78' title='bbox 416 597 482 636; x_wconf 85' lang='lat' dir='ltr'><em>abest.</em></span> 
     </span>
    </p>
   </div>
   <div class='ocr_carea' id='block_1_4' title="bbox 82 647 808 1894">
    <p class='ocr_par' dir='ltr' id='par_1_5' title="bbox 84 647 808 960">
     <span class='ocr_line' id='line_1_11' title="bbox 138 647 801 699; baseline 0 -12"><span class='ocrx_word' id='word_1_79' title='bbox 138 649 182 687; x_wconf 68' lang='lat'>881.</span> <span class='ocrx_word' id='word_1_80' title='bbox 209 649 307 696; x_wconf 79' lang='lat' dir='ltr'><em>venenet]</em></span> <span class='ocrx_word' id='word_1_81' title='bbox 327 648 392 699; x_wconf 75' lang='lat' dir='ltr'><em>Lugd.</em></span> <span class='ocrx_word' id='word_1_82' title='bbox 404 650 422 689; x_wconf 86' lang='lat'><em>1.</em></span> <span class='ocrx_word' id='word_1_83' title='bbox 436 647 492 685; x_wconf 85' lang='lat' dir='ltr'><em>Bodl.</em></span> <span class='ocrx_word' id='word_1_84' title='bbox 504 647 570 686; x_wconf 64' lang='lat' dir='ltr'><em>vind.</em></span> <span class='ocrx_word' id='word_1_85' title='bbox 583 649 643 687; x_wconf 90' lang='lat' dir='ltr'><em>Poor.</em></span> <span class='ocrx_word' id='word_1_86' title='bbox 655 648 703 687; x_wconf 84' lang='lat' dir='ltr'><em>Brit.</em></span> <span class='ocrx_word' id='word_1_87' title='bbox 714 650 733 689; x_wconf 88' lang='lat'><em>1.</em></span> <span class='ocrx_word' id='word_1_88' title='bbox 744 650 801 687; x_wconf 84' lang='lat' dir='ltr'><em>Cant.</em></span> 
     </span>
     <span class='ocr_line' id='line_1_12' title="bbox 84 699 802 749; baseline 0 -11"><span class='ocrx_word' id='word_1_89' title='bbox 84 699 138 738; x_wconf 81' lang='lat' dir='ltr'><em>Brix.</em></span> <span class='ocrx_word' id='word_1_90' title='bbox 150 701 197 738; x_wconf 90' lang='lat' dir='ltr'><em>Ver.</em></span> <span class='ocrx_word' id='word_1_91' title='bbox 209 700 260 739; x_wconf 85' lang='lat' dir='ltr'><em>Ven.</em></span> <span class='ocrx_word' id='word_1_92' title='bbox 273 699 318 737; x_wconf 86' lang='lat' dir='ltr'><em>Ald.</em></span> <span class='ocrx_word' id='word_1_93' title='bbox 330 702 347 739; x_wconf 90' lang='lat'><em>1.</em></span> <span class='ocrx_word' id='word_1_94' title='bbox 357 703 406 737; x_wconf 84' lang='lat' dir='ltr'><em>Bon.</em></span> <span class='ocrx_word' id='word_1_95' title='bbox 417 702 496 749; x_wconf 84' lang='lat' dir='ltr'><em>veneni,</em></span> <span class='ocrx_word' id='word_1_96' title='bbox 510 701 559 739; x_wconf 82' lang='lat' dir='ltr'><em>Brit.</em></span> <span class='ocrx_word' id='word_1_97' title='bbox 569 701 588 740; x_wconf 83' lang='lat'><em>3.</em></span> <span class='ocrx_word' id='word_1_98' title='bbox 599 702 672 740; x_wconf 81' lang='lat' dir='ltr'><em>ueneni</em></span> <span class='ocrx_word' id='word_1_99' title='bbox 682 712 719 740; x_wconf 82' lang='lat' dir='ltr'><em>est.</em></span> <span class='ocrx_word' id='word_1_100' title='bbox 741 703 802 749; x_wconf 84' lang='lat' dir='ltr'><em>„Tot</em></span> 
     </span>
     <span class='ocr_line' id='line_1_13' title="bbox 84 750 802 803; baseline -0.001 -13"><span class='ocrx_word' id='word_1_101' title='bbox 84 752 152 790; x_wconf 90' lang='lat' dir='ltr'><em>Codd.</em></span> <span class='ocrx_word' id='word_1_102' title='bbox 165 752 278 789; x_wconf 83' lang='lat' dir='ltr'><em>auctoritas</em></span> <span class='ocrx_word' id='word_1_103' title='bbox 287 750 440 790; x_wconf 78' lang='lat' dir='ltr'><em>dubitationem</em></span> <span class='ocrx_word' id='word_1_104' title='bbox 452 757 534 798; x_wconf 82' lang='lat' dir='ltr'><em>movet3</em></span> <span class='ocrx_word' id='word_1_105' title='bbox 555 751 591 790; x_wconf 87' lang='lat' dir='ltr'><em>sed</em></span> <span class='ocrx_word' id='word_1_106' title='bbox 600 764 682 803; x_wconf 81' lang='lat' dir='ltr'><em>nequeo</em></span> <span class='ocrx_word' id='word_1_107' title='bbox 696 752 802 791; x_wconf 88' lang='lat' dir='ltr'><em>discerne-</em></span> 
     </span>
     <span class='ocr_line' id='line_1_14' title="bbox 84 803 802 855; baseline -0.001 -13"><span class='ocrx_word' id='word_1_108' title='bbox 84 816 118 851; x_wconf 88' lang='lat' dir='ltr'><em>re,</em></span> <span class='ocrx_word' id='word_1_109' title='bbox 132 803 240 855; x_wconf 84' lang='lat' dir='ltr'><em>quomodo</em></span> <span class='ocrx_word' id='word_1_110' title='bbox 249 804 309 841; x_wconf 81' lang='lat' dir='ltr'><em>locus</em></span> <span class='ocrx_word' id='word_1_111' title='bbox 322 804 382 842; x_wconf 85' lang='lat' dir='ltr'><em>aliter</em></span> <span class='ocrx_word' id='word_1_112' title='bbox 396 803 579 854; x_wconf 81' lang='lat' dir='ltr'><em>constituipossit,</em></span> <span class='ocrx_word' id='word_1_113' title='bbox 595 810 630 842; x_wconf 83' lang='lat' dir='ltr'><em>aut</em></span> <span class='ocrx_word' id='word_1_114' title='bbox 641 817 682 855; x_wconf 86' lang='lat' dir='ltr'><em>qua</em></span> <span class='ocrx_word' id='word_1_115' title='bbox 690 811 751 855; x_wconf 87' lang='lat' dir='ltr'><em>parte</em></span> <span class='ocrx_word' id='word_1_116' title='bbox 760 805 802 842; x_wconf 86' lang='lat' dir='ltr'><em>sin-</em></span> 
     </span>
     <span class='ocr_line' id='line_1_15' title="bbox 85 855 801 907; baseline 0 -13"><span class='ocrx_word' id='word_1_117' title='bbox 85 855 160 894; x_wconf 78' lang='lat' dir='ltr'><em>ceritas</em></span> <span class='ocrx_word' id='word_1_118' title='bbox 171 855 267 894; x_wconf 86' lang='lat' dir='ltr'><em>lectiouis</em></span> <span class='ocrx_word' id='word_1_119' title='bbox 278 857 366 893; x_wconf 85' lang='lat' dir='ltr'><em>cesset.“</em></span> <span class='ocrx_word' id='word_1_120' title='bbox 380 860 411 895; x_wconf 85' lang='lat' dir='ltr'><em>W</em></span> <span class='ocrx_word' id='word_1_121' title='bbox 412 859 449 895; x_wconf 73' lang='lat' dir='ltr'><em>ait.</em></span> <span class='ocrx_word' id='word_1_122' title='bbox 476 857 520 894; x_wconf 89' lang='lat' dir='ltr'><em>Nec</em></span> <span class='ocrx_word' id='word_1_123' title='bbox 532 868 571 907; x_wconf 83' lang='lat' dir='ltr'><em>ego</em></span> <span class='ocrx_word' id='word_1_124' title='bbox 581 868 666 907; x_wconf 86' lang='lat' dir='ltr'><em>possum</em></span> <span class='ocrx_word' id='word_1_125' title='bbox 676 856 801 906; x_wconf 85' lang='lat' dir='ltr'><em>discernere,</em></span> 
     </span>
     <span class='ocr_line' id='line_1_16' title="bbox 84 907 808 960; baseline -0.003 -14"><span class='ocrx_word' id='word_1_126' title='bbox 84 907 125 946; x_wconf 85' lang='lat' dir='ltr'><em>nisi</em></span> <span class='ocrx_word' id='word_1_127' title='bbox 134 908 242 960; x_wconf 85' lang='lat' dir='ltr'><em>integrum</em></span> <span class='ocrx_word' id='word_1_128' title='bbox 252 920 335 946; x_wconf 88' lang='lat' dir='ltr'><em>versum</em></span> <span class='ocrx_word' id='word_1_129' title='bbox 345 908 444 946; x_wconf 84' lang='lat' dir='ltr'><em>excidisse</em></span> <span class='ocrx_word' id='word_1_130' title='bbox 454 920 567 949; x_wconf 78' lang='lat' dir='ltr'><em>sumamus.</em></span> <span class='ocrx_word' id='word_1_131' title='bbox 802 919 808 923; x_wconf 89' lang='lat'>·</span> 
     </span>
    </p>

    <p class='ocr_par' dir='ltr' id='par_1_6' title="bbox 137 959 687 1012">
     <span class='ocr_line' id='line_1_17' title="bbox 137 959 687 1012; baseline -0.004 -13"><span class='ocrx_word' id='word_1_132' title='bbox 137 961 183 999; x_wconf 72' lang='lat'>823.</span> <span class='ocrx_word' id='word_1_133' title='bbox 209 959 314 1012; x_wconf 80' lang='lat' dir='ltr'><em>correpta]</em></span> <span class='ocrx_word' id='word_1_134' title='bbox 330 961 377 999; x_wconf 89' lang='lat' dir='ltr'><em>Ver.</em></span> <span class='ocrx_word' id='word_1_135' title='bbox 388 962 440 998; x_wconf 86' lang='lat' dir='ltr'><em>Ven.</em></span> <span class='ocrx_word' id='word_1_136' title='bbox 453 971 556 1012; x_wconf 77' lang='lat' dir='ltr'><em>corrupta,</em></span> <span class='ocrx_word' id='word_1_137' title='bbox 569 972 687 1011; x_wconf 79' lang='lat' dir='ltr'><em>perperam.</em></span> 
     </span>
    </p>

    <p class='ocr_par' dir='ltr' id='par_1_7' title="bbox 84 1010 802 1324">
     <span class='ocr_line' id='line_1_18' title="bbox 138 1010 802 1064; baseline -0.005 -13"><span class='ocrx_word' id='word_1_138' title='bbox 138 1011 183 1051; x_wconf 76' lang='lat'><em>824.</em></span> <span class='ocrx_word' id='word_1_139' title='bbox 209 1012 300 1049; x_wconf 75' lang='lat' dir='ltr'><em>terbum</em></span> <span class='ocrx_word' id='word_1_140' title='bbox 310 1014 383 1064; x_wconf 77' lang='lat' dir='ltr'><em>dirigit</em></span> <span class='ocrx_word' id='word_1_141' title='bbox 393 1019 414 1050; x_wconf 80' lang='lat' dir='ltr'><em>et</em></span> <span class='ocrx_word' id='word_1_142' title='bbox 423 1012 496 1058; x_wconf 69' lang='lat' dir='ltr'><em>tauro,</em></span> <span class='ocrx_word' id='word_1_143' title='bbox 511 1012 547 1062; x_wconf 79' lang='lat' dir='ltr'><em>qni</em></span> <span class='ocrx_word' id='word_1_144' title='bbox 557 1028 579 1051; x_wconf 80' lang='lat' dir='ltr'><em>se</em></span> <span class='ocrx_word' id='word_1_145' title='bbox 589 1015 651 1063; x_wconf 83' lang='lat' dir='ltr'><em>erigit</em></span> <span class='ocrx_word' id='word_1_146' title='bbox 665 1010 767 1060; x_wconf 85' lang='lat' dir='ltr'><em>coniecit,</em></span> <span class='ocrx_word' id='word_1_147' title='bbox 780 1015 802 1048; x_wconf 87' lang='lat' dir='ltr'><em>et</em></span> 
     </span>
     <span class='ocr_line' id='line_1_19' title="bbox 84 1063 801 1114; baseline -0.004 -11"><span class='ocrx_word' id='word_1_148' title='bbox 84 1063 176 1103; x_wconf 85' lang='lat' dir='ltr'><em>Bentleio</em></span> <span class='ocrx_word' id='word_1_149' title='bbox 187 1069 266 1101; x_wconf 83' lang='lat' dir='ltr'><em>temere</em></span> <span class='ocrx_word' id='word_1_150' title='bbox 277 1072 398 1114; x_wconf 85' lang='lat' dir='ltr'><em>suspectum</em></span> <span class='ocrx_word' id='word_1_151' title='bbox 406 1064 476 1111; x_wconf 89' lang='lat' dir='ltr'><em>fuisse,</em></span> <span class='ocrx_word' id='word_1_152' title='bbox 485 1063 546 1103; x_wconf 87' lang='lat' dir='ltr'><em>Wak.</em></span> <span class='ocrx_word' id='word_1_153' title='bbox 552 1064 668 1102; x_wconf 83' lang='lat' dir='ltr'><em>rectissime</em></span> <span class='ocrx_word' id='word_1_154' title='bbox 679 1063 747 1111; x_wconf 87' lang='lat' dir='ltr'><em>docet,</em></span> <span class='ocrx_word' id='word_1_155' title='bbox 758 1075 801 1100; x_wconf 91' lang='lat' dir='ltr'><em>non</em></span> 
     </span>
     <span class='ocr_line' id='line_1_20' title="bbox 84 1114 801 1167; baseline -0.001 -14"><span class='ocrx_word' id='word_1_156' title='bbox 84 1116 155 1155; x_wconf 88' lang='lat' dir='ltr'><em>solum</em></span> <span class='ocrx_word' id='word_1_157' title='bbox 168 1115 195 1152; x_wconf 82' lang='lat' dir='ltr'><em>ad</em></span> <span class='ocrx_word' id='word_1_158' title='bbox 207 1128 268 1153; x_wconf 88' lang='lat' dir='ltr'><em>usum</em></span> <span class='ocrx_word' id='word_1_159' title='bbox 279 1116 378 1164; x_wconf 85' lang='lat' dir='ltr'><em>Lucretii,</em></span> <span class='ocrx_word' id='word_1_160' title='bbox 393 1116 430 1167; x_wconf 88' lang='lat' dir='ltr'><em>qui</em></span> <span class='ocrx_word' id='word_1_161' title='bbox 439 1115 506 1153; x_wconf 83' lang='lat' dir='ltr'><em>verbis</em></span> <span class='ocrx_word' id='word_1_162' title='bbox 517 1116 588 1153; x_wconf 87' lang='lat' dir='ltr'><em>activis</em></span> <span class='ocrx_word' id='word_1_163' title='bbox 598 1115 688 1154; x_wconf 83' lang='lat' dir='ltr'><em>neutrali</em></span> <span class='ocrx_word' id='word_1_164' title='bbox 699 1114 801 1167; x_wconf 78' lang='lat' dir='ltr'><em>significa-</em></span> 
     </span>
     <span class='ocr_line' id='line_1_21' title="bbox 85 1166 801 1219; baseline 0 -13"><span class='ocrx_word' id='word_1_165' title='bbox 85 1167 144 1206; x_wconf 83' lang='lat' dir='ltr'><em>tione</em></span> <span class='ocrx_word' id='word_1_166' title='bbox 155 1166 228 1217; x_wconf 77' lang='lat' dir='ltr'><em>positis</em></span> <span class='ocrx_word' id='word_1_167' title='bbox 243 1180 377 1217; x_wconf 84' lang='lat' dir='ltr'><em>summopere</em></span> <span class='ocrx_word' id='word_1_168' title='bbox 391 1167 493 1219; x_wconf 79' lang='lat' dir='ltr'><em>gaudeat,</em></span> <span class='ocrx_word' id='word_1_169' title='bbox 506 1167 543 1205; x_wconf 88' lang='lat' dir='ltr'><em>sed</em></span> <span class='ocrx_word' id='word_1_170' title='bbox 558 1168 664 1208; x_wconf 74' lang='lat' dir='ltr'><em>etiamad</em></span> <span class='ocrx_word' id='word_1_171' title='bbox 675 1167 765 1205; x_wconf 85' lang='lat' dir='ltr'><em>Hirtium</em></span> <span class='ocrx_word' id='word_1_172' title='bbox 780 1169 801 1206; x_wconf 89' lang='lat' dir='ltr'><em>B.</em></span> 
     </span>
     <span class='ocr_line' id='line_1_22' title="bbox 85 1216 802 1271; baseline 0 -15"><span class='ocrx_word' id='word_1_173' title='bbox 85 1219 143 1269; x_wconf 88' lang='lat' dir='ltr'><em>Hisp.</em></span> <span class='ocrx_word' id='word_1_174' title='bbox 155 1232 173 1257; x_wconf 92' lang='lat' dir='ltr'><em>c.</em></span> <span class='ocrx_word' id='word_1_175' title='bbox 182 1220 216 1258; x_wconf 72' lang='lat'><em>29.</em></span> <span class='ocrx_word' id='word_1_176' title='bbox 228 1225 250 1256; x_wconf 87' lang='lat' dir='ltr'><em>et</em></span> <span class='ocrx_word' id='word_1_177' title='bbox 261 1218 301 1259; x_wconf 85' lang='lat' dir='ltr'><em>Cic.</em></span> <span class='ocrx_word' id='word_1_178' title='bbox 313 1219 338 1257; x_wconf 85' lang='lat' dir='ltr'><em>de</em></span> <span class='ocrx_word' id='word_1_179' title='bbox 349 1219 388 1258; x_wconf 89' lang='lat' dir='ltr'><em>div.</em></span> <span class='ocrx_word' id='word_1_180' title='bbox 398 1223 413 1267; x_wconf 85' lang='lat' dir='ltr'><em>I,</em></span> <span class='ocrx_word' id='word_1_181' title='bbox 426 1216 457 1259; x_wconf 78' lang='lat'><em>14.</em></span> <span class='ocrx_word' id='word_1_182' title='bbox 469 1232 593 1268; x_wconf 87' lang='lat' dir='ltr'><em>provocans,</em></span> <span class='ocrx_word' id='word_1_183' title='bbox 607 1219 802 1271; x_wconf 59' lang='lat' dir='ltr'><em>atquessalmasiunt</em></span> 
     </span>
     <span class='ocr_line' id='line_1_23' title="bbox 84 1270 619 1324; baseline -0.004 -14"><span class='ocrx_word' id='word_1_184' title='bbox 84 1270 113 1311; x_wconf 79' lang='lat' dir='ltr'><em>ad</em></span> <span class='ocrx_word' id='word_1_185' title='bbox 121 1270 150 1310; x_wconf 80' lang='lat' dir='ltr'><em>tt.</em></span> <span class='ocrx_word' id='word_1_186' title='bbox 161 1270 246 1324; x_wconf 69' lang='lat' dir='ltr'><em>Vopisci</em></span> <span class='ocrx_word' id='word_1_187' title='bbox 261 1270 353 1310; x_wconf 87' lang='lat' dir='ltr'><em>Probum</em></span> <span class='ocrx_word' id='word_1_188' title='bbox 364 1285 382 1310; x_wconf 86' lang='lat' dir='ltr'><em>c.</em></span> <span class='ocrx_word' id='word_1_189' title='bbox 396 1274 427 1312; x_wconf 87' lang='lat'><em>19.</em></span> <span class='ocrx_word' id='word_1_190' title='bbox 436 1284 458 1322; x_wconf 82' lang='lat' dir='ltr'><em>p.</em></span> <span class='ocrx_word' id='word_1_191' title='bbox 468 1272 513 1312; x_wconf 80' lang='lat'>677.</span> <span class='ocrx_word' id='word_1_192' title='bbox 524 1271 619 1309; x_wconf 85' lang='lat' dir='ltr'><em>afferens.</em></span> 
     </span>
    </p>

    <p class='ocr_par' dir='ltr' id='par_1_8' title="bbox 84 1323 802 1428">
     <span class='ocr_line' id='line_1_24' title="bbox 136 1323 802 1373; baseline -0.002 -11"><span class='ocrx_word' id='word_1_193' title='bbox 136 1323 182 1363; x_wconf 67' lang='lat'><em>825.</em></span> <span class='ocrx_word' id='word_1_194' title='bbox 209 1323 292 1373; x_wconf 82' lang='lat' dir='ltr'><em>‚,ltoee]</em></span> <span class='ocrx_word' id='word_1_195' title='bbox 307 1323 356 1360; x_wconf 90' lang='lat' dir='ltr'><em>Brit.</em></span> <span class='ocrx_word' id='word_1_196' title='bbox 369 1325 387 1364; x_wconf 87' lang='lat'><em>1.</em></span> <span class='ocrx_word' id='word_1_197' title='bbox 398 1325 417 1364; x_wconf 83' lang='lat'><em>3.</em></span> <span class='ocrx_word' id='word_1_198' title='bbox 426 1326 467 1362; x_wconf 83' lang='lat' dir='ltr'><em>itio.</em></span> <span class='ocrx_word' id='word_1_199' title='bbox 486 1326 542 1362; x_wconf 75' lang='lat' dir='ltr'><em>Sane</em></span> <span class='ocrx_word' id='word_1_200' title='bbox 553 1326 604 1371; x_wconf 79' lang='lat' dir='ltr'><em>tete,</em></span> <span class='ocrx_word' id='word_1_201' title='bbox 617 1328 642 1362; x_wconf 89' lang='lat' dir='ltr'><em>ut</em></span> <span class='ocrx_word' id='word_1_202' title='bbox 650 1323 802 1363; x_wconf 78' lang='lat' dir='ltr'><em>Lucretianum</em></span> 
     </span>
     <span class='ocr_line' id='line_1_25' title="bbox 84 1373 463 1428; baseline 0.005 -14"><span class='ocrx_word' id='word_1_203' title='bbox 84 1374 159 1428; x_wconf 80' lang='lat' dir='ltr'><em>magis,</em></span> <span class='ocrx_word' id='word_1_204' title='bbox 172 1373 232 1413; x_wconf 83' lang='lat' dir='ltr'><em>vaide</em></span> <span class='ocrx_word' id='word_1_205' title='bbox 246 1374 365 1426; x_wconf 85' lang='lat' dir='ltr'><em>placeret.“</em></span> <span class='ocrx_word' id='word_1_206' title='bbox 391 1379 438 1415; x_wconf 81' lang='lat' dir='ltr'><em>tVa</em></span> <span class='ocrx_word' id='word_1_207' title='bbox 444 1378 463 1416; x_wconf 79' lang='lat' dir='ltr'><em>t.</em></span> 
     </span>
    </p>

    <p class='ocr_par' dir='ltr' id='par_1_9' title="bbox 82 1427 802 1637">
     <span class='ocr_line' id='line_1_26' title="bbox 137 1427 801 1481; baseline -0.003 -15"><span class='ocrx_word' id='word_1_208' title='bbox 137 1427 181 1467; x_wconf 75' lang='lat'>827.</span> <span class='ocrx_word' id='word_1_209' title='bbox 209 1428 297 1476; x_wconf 86' lang='lat' dir='ltr'><em>etenim]</em></span> <span class='ocrx_word' id='word_1_210' title='bbox 315 1429 365 1465; x_wconf 89' lang='lat' dir='ltr'><em>Ver.</em></span> <span class='ocrx_word' id='word_1_211' title='bbox 378 1429 429 1466; x_wconf 80' lang='lat' dir='ltr'><em>Ven.</em></span> <span class='ocrx_word' id='word_1_212' title='bbox 447 1438 557 1467; x_wconf 84' lang='lat' dir='ltr'><em>aeternum.</em></span> <span class='ocrx_word' id='word_1_213' title='bbox 575 1432 602 1457; x_wconf 68' lang='lat'><em>³-</em></span> <span class='ocrx_word' id='word_1_214' title='bbox 617 1427 699 1481; x_wconf 78' lang='lat' dir='ltr'><em>primo]</em></span> <span class='ocrx_word' id='word_1_215' title='bbox 717 1428 801 1466; x_wconf 67' lang='lat' dir='ltr'><em>Britt.</em></span> 
     </span>
     <span class='ocr_line' id='line_1_27' title="bbox 82 1478 802 1534; baseline 0.001 -16"><span class='ocrx_word' id='word_1_216' title='bbox 82 1481 178 1533; x_wconf 76' lang='lat' dir='ltr'><em>primum·</em></span> <span class='ocrx_word' id='word_1_217' title='bbox 192 1500 218 1509; x_wconf 87' lang='lat'>-</span> <span class='ocrx_word' id='word_1_218' title='bbox 231 1480 342 1534; x_wconf 82' lang='lat' dir='ltr'><em>quendam]</em></span> <span class='ocrx_word' id='word_1_219' title='bbox 360 1480 410 1520; x_wconf 81' lang='lat' dir='ltr'><em>Ver.</em></span> <span class='ocrx_word' id='word_1_220' title='bbox 420 1480 472 1519; x_wconf 79' lang='lat' dir='ltr'><em>ten.</em></span> <span class='ocrx_word' id='word_1_221' title='bbox 484 1482 591 1533; x_wconf 82' lang='lat' dir='ltr'><em>quaedam.</em></span> <span class='ocrx_word' id='word_1_222' title='bbox 604 1499 631 1508; x_wconf 87' lang='lat'><em>-·</em></span> <span class='ocrx_word' id='word_1_223' title='bbox 644 1480 735 1529; x_wconf 86' lang='lat' dir='ltr'><em>conciet]</em></span> <span class='ocrx_word' id='word_1_224' title='bbox 751 1478 802 1519; x_wconf 87' lang='lat' dir='ltr'><em>Brit.</em></span> 
     </span>
     <span class='ocr_line' id='line_1_28' title="bbox 85 1533 686 1572; baseline -0.002 0"><span class='ocrx_word' id='word_1_225' title='bbox 85 1533 105 1572; x_wconf 80' lang='lat'><em>1.</em></span> <span class='ocrx_word' id='word_1_226' title='bbox 117 1534 213 1571; x_wconf 87' lang='lat' dir='ltr'><em>continet.</em></span> <span class='ocrx_word' id='word_1_227' title='bbox 685 1557 686 1561; x_wconf 64' lang='lat'><em>=</em></span> 
     </span>
     <span class='ocr_line' id='line_1_29' title="bbox 137 1581 801 1637; baseline -0.005 -14"><span class='ocrx_word' id='word_1_228' title='bbox 137 1585 190 1624; x_wconf 73' lang='lat'><em>828.</em></span> <span class='ocrx_word' id='word_1_229' title='bbox 205 1582 280 1637; x_wconf 78' lang='lat' dir='ltr'><em>quom]</em></span> <span class='ocrx_word' id='word_1_230' title='bbox 295 1583 342 1621; x_wconf 87' lang='lat' dir='ltr'><em>Brit.</em></span> <span class='ocrx_word' id='word_1_231' title='bbox 350 1584 369 1623; x_wconf 90' lang='lat'><em>1.</em></span> <span class='ocrx_word' id='word_1_232' title='bbox 380 1595 428 1624; x_wconf 87' lang='lat' dir='ltr'><em>tttm·</em></span> <span class='ocrx_word' id='word_1_233' title='bbox 442 1602 468 1611; x_wconf 85' lang='lat'><em>-</em></span> <span class='ocrx_word' id='word_1_234' title='bbox 480 1583 564 1634; x_wconf 83' lang='lat' dir='ltr'><em>veneni]</em></span> <span class='ocrx_word' id='word_1_235' title='bbox 579 1581 624 1621; x_wconf 81' lang='lat' dir='ltr'><em>tld.</em></span> <span class='ocrx_word' id='word_1_236' title='bbox 631 1583 649 1623; x_wconf 83' lang='grc'><em>1.</em></span> <span class='ocrx_word' id='word_1_237' title='bbox 656 1584 705 1621; x_wconf 84' lang='lat' dir='ltr'><em>Bon.</em></span> <span class='ocrx_word' id='word_1_238' title='bbox 718 1597 801 1623; x_wconf 80' lang='lat' dir='ltr'><em>uenena.</em></span> 
     </span>
    </p>

    <p class='ocr_par' dir='ltr' id='par_1_10' title="bbox 85 1635 800 1739">
     <span class='ocr_line' id='line_1_30' title="bbox 136 1635 800 1688; baseline -0.003 -13"><span class='ocrx_word' id='word_1_239' title='bbox 136 1636 182 1685; x_wconf 71' lang='lat'>889·</span> <span class='ocrx_word' id='word_1_240' title='bbox 208 1639 270 1686; x_wconf 80' lang='lat' dir='ltr'><em>„vita</em></span> <span class='ocrx_word' id='word_1_241' title='bbox 281 1638 394 1675; x_wconf 77' lang='lat' dir='ltr'><em>vomendo:</em></span> <span class='ocrx_word' id='word_1_242' title='bbox 409 1635 435 1674; x_wconf 91' lang='lat' dir='ltr'><em>oh</em></span> <span class='ocrx_word' id='word_1_243' title='bbox 446 1637 540 1688; x_wconf 76' lang='lat' dir='ltr'><em>spiritum</em></span> <span class='ocrx_word' id='word_1_244' title='bbox 550 1635 631 1673; x_wconf 84' lang='lat' dir='ltr'><em>scilicet</em></span> <span class='ocrx_word' id='word_1_245' title='bbox 641 1647 677 1673; x_wconf 86' lang='lat' dir='ltr'><em>ore</em></span> <span class='ocrx_word' id='word_1_246' title='bbox 686 1639 800 1675; x_wconf 84' lang='lat' dir='ltr'><em>eiectatum.</em></span> 
     </span>
     <span class='ocr_line' id='line_1_31' title="bbox 85 1685 776 1739; baseline -0.003 -13"><span class='ocrx_word' id='word_1_247' title='bbox 85 1685 142 1739; x_wconf 80' lang='lat' dir='ltr'><em>Virg.</em></span> <span class='ocrx_word' id='word_1_248' title='bbox 152 1690 203 1725; x_wconf 84' lang='lat' dir='ltr'><em>Aen.</em></span> <span class='ocrx_word' id='word_1_249' title='bbox 214 1691 250 1736; x_wconf 89' lang='lat' dir='ltr'><em>IX,</em></span> <span class='ocrx_word' id='word_1_250' title='bbox 260 1686 305 1727; x_wconf 80' lang='grc'><strong>349.</strong></span> <span class='ocrx_word' id='word_1_251' title='bbox 315 1692 441 1739; x_wconf 75' lang='lat' dir='ltr'><em>Purpuream</em></span> <span class='ocrx_word' id='word_1_252' title='bbox 452 1690 514 1726; x_wconf 78' lang='lat' dir='ltr'><em>uomit</em></span> <span class='ocrx_word' id='word_1_253' title='bbox 525 1689 560 1726; x_wconf 86' lang='lat' dir='ltr'><em>ille</em></span> <span class='ocrx_word' id='word_1_254' title='bbox 570 1689 680 1727; x_wconf 81' lang='lat' dir='ltr'><em>animam.“</em></span> <span class='ocrx_word' id='word_1_255' title='bbox 703 1690 751 1726; x_wconf 84' lang='lat' dir='ltr'><em>Wa</em></span> <span class='ocrx_word' id='word_1_256' title='bbox 757 1689 776 1726; x_wconf 82' lang='lat' dir='ltr'><em>it.</em></span> 
     </span>
    </p>

    <p class='ocr_par' dir='ltr' id='par_1_11' title="bbox 86 1737 802 1894">
     <span class='ocr_line' id='line_1_32' title="bbox 86 1737 802 1831; baseline 0.001 -53"><span class='ocrx_word' id='word_1_257' title='bbox 86 1790 98 1831; x_wconf 67' lang='grc'><strong>1</strong></span> <span class='ocrx_word' id='word_1_258' title='bbox 138 1739 183 1778; x_wconf 87' lang='grc'>830.</span> <span class='ocrx_word' id='word_1_259' title='bbox 209 1740 249 1789; x_wconf 78' lang='lat' dir='ltr'><em>sit]</em></span> <span class='ocrx_word' id='word_1_260' title='bbox 264 1738 323 1779; x_wconf 84' lang='lat' dir='ltr'><em>Vind.</em></span> <span class='ocrx_word' id='word_1_261' title='bbox 336 1739 413 1791; x_wconf 82' lang='lat' dir='ltr'><em>fragm.</em></span> <span class='ocrx_word' id='word_1_262' title='bbox 424 1738 486 1780; x_wconf 77' lang='lat' dir='ltr'><em>vind.</em></span> <span class='ocrx_word' id='word_1_263' title='bbox 496 1740 558 1792; x_wconf 78' lang='lat' dir='ltr'><em>Cant.¹</em></span> <span class='ocrx_word' id='word_1_264' title='bbox 566 1738 623 1777; x_wconf 82' lang='lat' dir='ltr'><em>Brir.</em></span> <span class='ocrx_word' id='word_1_265' title='bbox 634 1739 682 1780; x_wconf 87' lang='lat' dir='ltr'><em>Ver.</em></span> <span class='ocrx_word' id='word_1_266' title='bbox 694 1740 745 1778; x_wconf 87' lang='lat' dir='ltr'><em>Veu.</em></span> <span class='ocrx_word' id='word_1_267' title='bbox 755 1737 802 1779; x_wconf 74' lang='lat' dir='ltr'><em>trid.</em></span> 
     </span>
     <span class='ocr_line' id='line_1_33' title="bbox 101 1790 564 1833; baseline 0.009 -4"><span class='ocrx_word' id='word_1_268' title='bbox 101 1791 166 1829; x_wconf 88' lang='lat' dir='ltr'><em>.Bon.</em></span> <span class='ocrx_word' id='word_1_269' title='bbox 197 1801 212 1829; x_wconf 89' lang='lat' dir='ltr'><em>t.</em></span> <span class='ocrx_word' id='word_1_270' title='bbox 421 1793 423 1795; x_wconf 76' lang='grc'><strong>’</strong></span> <span class='ocrx_word' id='word_1_271' title='bbox 539 1790 541 1793; x_wconf 57' lang='grc'>’</span> <span class='ocrx_word' id='word_1_272' title='bbox 557 1826 564 1833; x_wconf 75' lang='grc'><em>.,</em></span> 
     </span>
     <span class='ocr_line' id='line_1_34' title="bbox 138 1791 802 1894; baseline -0.003 -12"><span class='ocrx_word' id='word_1_273' title='bbox 138 1791 197 1882; x_wconf 48' lang='lat' dir='ltr'><em>884i5</em></span> <span class='ocrx_word' id='word_1_274' title='bbox 210 1842 252 1893; x_wconf 90' lang='lat' dir='ltr'><em>„e]</em></span> <span class='ocrx_word' id='word_1_275' title='bbox 273 1846 321 1883; x_wconf 90' lang='lat' dir='ltr'><em>Ver.</em></span> <span class='ocrx_word' id='word_1_276' title='bbox 334 1842 411 1894; x_wconf 75' lang='lat' dir='ltr'><em>[Vem]</em></span> <span class='ocrx_word' id='word_1_277' title='bbox 429 1854 472 1891; x_wconf 72' lang='lat' dir='ltr'><em>est;</em></span> <span class='ocrx_word' id='word_1_278' title='bbox 495 1842 551 1880; x_wconf 87' lang='lat' dir='ltr'><em>unde</em></span> <span class='ocrx_word' id='word_1_279' title='bbox 570 1842 614 1880; x_wconf 87' lang='lat' dir='ltr'><em>fors</em></span> <span class='ocrx_word' id='word_1_280' title='bbox 631 1840 745 1894; x_wconf 81' lang='lat' dir='ltr'><em>legendum</em></span> <span class='ocrx_word' id='word_1_281' title='bbox 765 1856 802 1881; x_wconf 83' lang='lat' dir='ltr'><em>ex:</em></span> 
     </span>
    </p>
   </div>
   <div class='ocr_carea' id='block_1_5' title="bbox 13 1894 802 1951">
    <p class='ocr_par' dir='ltr' id='par_1_12' title="bbox 13 1894 802 1951">
     <span class='ocr_line' id='line_1_35' title="bbox 13 1894 802 1951; baseline 0.003 -21"><span class='ocrx_word' id='word_1_282' title='bbox 13 1918 16 1919; x_wconf 27' lang='grc' dir='ltr'><em>ν</em></span> <span class='ocrx_word' id='word_1_283' title='bbox 86 1894 427 1951; x_wconf 73' lang='lat' dir='ltr'><em>quamvisefaciiemigretine,</em></span> <span class='ocrx_word' id='word_1_284' title='bbox 445 1894 542 1935; x_wconf 82' lang='lat' dir='ltr'><em>velest.“</em></span> <span class='ocrx_word' id='word_1_285' title='bbox 564 1895 635 1935; x_wconf 70' lang='lat' dir='ltr'><em>ttsat.</em></span> <span class='ocrx_word' id='word_1_286' title='bbox 661 1894 718 1932; x_wconf 83' lang='lat' dir='ltr'><em>Nihil</em></span> <span class='ocrx_word' id='word_1_287' title='bbox 729 1894 802 1946; x_wconf 82' lang='lat' dir='ltr'><em>utique</em></span> 
     </span>
    </p>
   </div>
   <div class='ocr_carea' id='block_1_6' title="bbox 85 1947 802 2518">
    <p class='ocr_par' dir='ltr' id='par_1_13' title="bbox 85 1947 748 1985">
     <span class='ocr_line' id='line_1_36' title="bbox 85 1947 748 1985; baseline 0.002 -1"><span class='ocrx_word' id='word_1_288' title='bbox 85 1947 217 1985; x_wconf 85' lang='lat' dir='ltr'><em>mutandum.</em></span> <span class='ocrx_word' id='word_1_289' title='bbox 745 1983 748 1985; x_wconf 90' lang='lat'>.</span> 
     </span>
    </p>

    <p class='ocr_par' dir='ltr' id='par_1_14' title="bbox 85 1996 802 2255">
     <span class='ocr_line' id='line_1_37' title="bbox 137 1996 800 2051; baseline -0.006 -13"><span class='ocrx_word' id='word_1_290' title='bbox 137 1999 183 2038; x_wconf 79' lang='lat'><em>835.</em></span> <span class='ocrx_word' id='word_1_291' title='bbox 206 2001 334 2051; x_wconf 77' lang='lat' dir='ltr'><em>pennarum]</em></span> <span class='ocrx_word' id='word_1_292' title='bbox 354 1998 413 2038; x_wconf 86' lang='lat' dir='ltr'><em>Bodl.</em></span> <span class='ocrx_word' id='word_1_293' title='bbox 430 1996 491 2045; x_wconf 69' lang='lat' dir='ltr'><em>Vind,</em></span> <span class='ocrx_word' id='word_1_294' title='bbox 504 1998 566 2036; x_wconf 86' lang='lat' dir='ltr'><em>Poor.</em></span> <span class='ocrx_word' id='word_1_295' title='bbox 583 1996 631 2037; x_wconf 88' lang='lat' dir='ltr'><em>Brit.</em></span> <span class='ocrx_word' id='word_1_296' title='bbox 642 1997 661 2037; x_wconf 88' lang='lat'><em>1.</em></span> <span class='ocrx_word' id='word_1_297' title='bbox 677 1999 734 2035; x_wconf 83' lang='lat' dir='ltr'><em>Cant·</em></span> <span class='ocrx_word' id='word_1_298' title='bbox 747 1997 800 2039; x_wconf 80' lang='lat' dir='ltr'><em>Brix.</em></span> 
     </span>
     <span class='ocr_line' id='line_1_38' title="bbox 85 2048 802 2103; baseline 0.004 -16"><span class='ocrx_word' id='word_1_299' title='bbox 85 2049 134 2090; x_wconf 83' lang='lat' dir='ltr'><em>Ver.</em></span> <span class='ocrx_word' id='word_1_300' title='bbox 150 2051 200 2090; x_wconf 88' lang='lat' dir='ltr'><em>Ven.</em></span> <span class='ocrx_word' id='word_1_301' title='bbox 215 2050 260 2089; x_wconf 77' lang='lat' dir='ltr'><em>Ald.</em></span> <span class='ocrx_word' id='word_1_302' title='bbox 273 2052 291 2089; x_wconf 83' lang='grc'><em>1.</em></span> <span class='ocrx_word' id='word_1_303' title='bbox 302 2052 354 2088; x_wconf 68' lang='lat' dir='ltr'><em>Bon.v</em></span> <span class='ocrx_word' id='word_1_304' title='bbox 364 2048 488 2103; x_wconf 68' lang='lat' dir='ltr'><em>pinnarum-&#39;³</em></span> <span class='ocrx_word' id='word_1_305' title='bbox 507 2050 561 2098; x_wconf 88' lang='lat' dir='ltr'><em>(Sed</em></span> <span class='ocrx_word' id='word_1_306' title='bbox 571 2049 617 2088; x_wconf 86' lang='lat' dir='ltr'><em>vide</em></span> <span class='ocrx_word' id='word_1_307' title='bbox 629 2049 655 2087; x_wconf 85' lang='lat' dir='ltr'><em>ad</em></span> <span class='ocrx_word' id='word_1_308' title='bbox 665 2053 690 2098; x_wconf 87' lang='lat' dir='ltr'><em>V,</em></span> <span class='ocrx_word' id='word_1_309' title='bbox 703 2051 761 2098; x_wconf 83' lang='lat'>737·)</span> <span class='ocrx_word' id='word_1_310' title='bbox 776 2068 802 2079; x_wconf 88' lang='lat'><em>··</em></span> 
     </span>
     <span class='ocr_line' id='line_1_39' title="bbox 85 2101 801 2153; baseline 0 -12"><span class='ocrx_word' id='word_1_311' title='bbox 85 2104 142 2141; x_wconf 79' lang='lat' dir='ltr'><em>nisus</em></span> <span class='ocrx_word' id='word_1_312' title='bbox 154 2101 262 2139; x_wconf 86' lang='lat' dir='ltr'><em>meinvito</em></span> <span class='ocrx_word' id='word_1_313' title='bbox 273 2101 295 2138; x_wconf 88' lang='lat' dir='ltr'><em>in</em></span> <span class='ocrx_word' id='word_1_314' title='bbox 309 2108 409 2140; x_wconf 84' lang='lat' dir='ltr'><em>contextu</em></span> <span class='ocrx_word' id='word_1_315' title='bbox 421 2108 540 2151; x_wconf 86' lang='lat' dir='ltr'><em>comparet,</em></span> <span class='ocrx_word' id='word_1_316' title='bbox 560 2114 623 2153; x_wconf 86' lang='lat' dir='ltr'><em>quum</em></span> <span class='ocrx_word' id='word_1_317' title='bbox 634 2101 684 2139; x_wconf 84' lang='lat' dir='ltr'><em>aiibi</em></span> <span class='ocrx_word' id='word_1_318' title='bbox 701 2103 747 2151; x_wconf 77' lang='lat' dir='ltr'><em>(IV,</em></span> <span class='ocrx_word' id='word_1_319' title='bbox 756 2102 801 2141; x_wconf 77' lang='lat'>907.</span> 
     </span>
     <span class='ocr_line' id='line_1_40' title="bbox 85 2153 802 2242; baseline 0.001 -53"><span class='ocrx_word' id='word_1_320' title='bbox 85 2153 166 2242; x_wconf 55' lang='grc' dir='ltr'><em>ᾙᾶἓῖὃ.</em></span> <span class='ocrx_word' id='word_1_321' title='bbox 177 2154 222 2193; x_wconf 82' lang='lat'>507.</span> <span class='ocrx_word' id='word_1_322' title='bbox 232 2153 287 2199; x_wconf 74' lang='lat'>912.)</span> <span class='ocrx_word' id='word_1_323' title='bbox 298 2165 380 2205; x_wconf 85' lang='lat' dir='ltr'><em>semper</em></span> <span class='ocrx_word' id='word_1_324' title='bbox 391 2153 505 2194; x_wconf 88' lang='lat' dir='ltr'><em>oumWak.</em></span> <span class='ocrx_word' id='word_1_325' title='bbox 515 2157 577 2194; x_wconf 74' lang='lat' dir='ltr'><em>nixus</em></span> <span class='ocrx_word' id='word_1_326' title='bbox 587 2153 713 2204; x_wconf 84' lang='lat' dir='ltr'><em>scripserim.</em></span> <span class='ocrx_word' id='word_1_327' title='bbox 729 2153 802 2205; x_wconf 75' lang='lat' dir='ltr'><em>(Gonf.</em></span> 
     </span>
     <span class='ocr_line' id='line_1_41' title="bbox 87 2206 463 2255; baseline 0.003 -12"><span class='ocrx_word' id='word_1_328' title='bbox 87 2215 100 2243; x_wconf 77' lang='lat' dir='ltr'>a</span> <span class='ocrx_word' id='word_1_329' title='bbox 126 2206 230 2255; x_wconf 78' lang='lat' dir='ltr'>1V‚907.)</span> <span class='ocrx_word' id='word_1_330' title='bbox 461 2242 463 2244; x_wconf 87' lang='lat'>.</span> 
     </span>
    </p>

    <p class='ocr_par' dir='ltr' id='par_1_15' title="bbox 138 2255 729 2311">
     <span class='ocr_line' id='line_1_42' title="bbox 138 2255 729 2311; baseline 0 -16"><span class='ocrx_word' id='word_1_331' title='bbox 138 2258 183 2296; x_wconf 83' lang='lat'>836.</span> <span class='ocrx_word' id='word_1_332' title='bbox 209 2255 315 2310; x_wconf 79' lang='lat' dir='ltr'><em>proditur]</em></span> <span class='ocrx_word' id='word_1_333' title='bbox 331 2257 376 2298; x_wconf 82' lang='lat' dir='ltr'><em>ttd.</em></span> <span class='ocrx_word' id='word_1_334' title='bbox 389 2260 407 2298; x_wconf 93' lang='lat'><em>1.</em></span> <span class='ocrx_word' id='word_1_335' title='bbox 418 2260 468 2298; x_wconf 82' lang='lat' dir='ltr'><em>Bon.</em></span> <span class='ocrx_word' id='word_1_336' title='bbox 474 2259 575 2311; x_wconf 74' lang='lat' dir='ltr'><em>perditur,</em></span> <span class='ocrx_word' id='word_1_337' title='bbox 588 2256 658 2295; x_wconf 86' lang='lat' dir='ltr'><em>minus</em></span> <span class='ocrx_word' id='word_1_338' title='bbox 668 2256 729 2296; x_wconf 85' lang='lat' dir='ltr'><em>hene.</em></span> 
     </span>
    </p>

    <p class='ocr_par' dir='ltr' id='par_1_16' title="bbox 85 2308 802 2518">
     <span class='ocr_line' id='line_1_43' title="bbox 138 2308 801 2360; baseline 0 -14"><span class='ocrx_word' id='word_1_339' title='bbox 138 2309 217 2349; x_wconf 83' lang='lat' dir='ltr'>V..837.</span> <span class='ocrx_word' id='word_1_340' title='bbox 230 2314 233 2320; x_wconf 83' lang='lat'>‘</span> <span class='ocrx_word' id='word_1_341' title='bbox 244 2312 315 2347; x_wconf 86' lang='lat' dir='ltr'><em>Festus</em></span> <span class='ocrx_word' id='word_1_342' title='bbox 327 2323 343 2351; x_wconf 86' lang='lat' dir='ltr'><em>s.</em></span> <span class='ocrx_word' id='word_1_343' title='bbox 356 2324 375 2350; x_wconf 89' lang='lat' dir='ltr'><em>v.</em></span> <span class='ocrx_word' id='word_1_344' title='bbox 391 2313 476 2351; x_wconf 80' lang='lat' dir='ltr'><em>Nietare</em></span> <span class='ocrx_word' id='word_1_345' title='bbox 491 2309 561 2360; x_wconf 86' lang='lat' dir='ltr'><em>(quod</em></span> <span class='ocrx_word' id='word_1_346' title='bbox 575 2308 675 2358; x_wconf 82' lang='lat' dir='ltr'><em>explicat:</em></span> <span class='ocrx_word' id='word_1_347' title='bbox 699 2314 741 2358; x_wconf 89' lang='lat' dir='ltr'><em>„et</em></span> <span class='ocrx_word' id='word_1_348' title='bbox 752 2320 801 2347; x_wconf 86' lang='lat' dir='ltr'><em>ocu-</em></span> 
     </span>
     <span class='ocr_line' id='line_1_44' title="bbox 85 2360 801 2411; baseline -0.001 -12"><span class='ocrx_word' id='word_1_349' title='bbox 85 2361 154 2399; x_wconf 87' lang='lat' dir='ltr'><em>lorum</em></span> <span class='ocrx_word' id='word_1_350' title='bbox 170 2367 191 2397; x_wconf 87' lang='lat' dir='ltr'><em>et</em></span> <span class='ocrx_word' id='word_1_351' title='bbox 208 2360 298 2398; x_wconf 83' lang='lat' dir='ltr'><em>aliorum</em></span> <span class='ocrx_word' id='word_1_352' title='bbox 309 2363 453 2400; x_wconf 87' lang='lat' dir='ltr'><em>membrorum</em></span> <span class='ocrx_word' id='word_1_353' title='bbox 468 2362 515 2399; x_wconf 86' lang='lat' dir='ltr'><em>nisu</em></span> <span class='ocrx_word' id='word_1_354' title='bbox 525 2373 586 2410; x_wconf 86' lang='lat' dir='ltr'><em>saepe</em></span> <span class='ocrx_word' id='word_1_355' title='bbox 602 2360 681 2411; x_wconf 83' lang='lat' dir='ltr'><em>aliquid</em></span> <span class='ocrx_word' id='word_1_356' title='bbox 697 2360 801 2408; x_wconf 86' lang='lat' dir='ltr'><em>conari“)</em></span> 
     </span>
     <span class='ocr_line' id='line_1_45' title="bbox 85 2412 802 2464; baseline 0 -13"><span class='ocrx_word' id='word_1_357' title='bbox 85 2412 116 2451; x_wconf 85' lang='lat' dir='ltr'><em>sic</em></span> <span class='ocrx_word' id='word_1_358' title='bbox 126 2412 199 2450; x_wconf 79' lang='lat' dir='ltr'><em>affert:</em></span> <span class='ocrx_word' id='word_1_359' title='bbox 222 2416 263 2451; x_wconf 83' lang='lat' dir='ltr'><em>Hic</em></span> <span class='ocrx_word' id='word_1_360' title='bbox 276 2415 310 2452; x_wconf 80' lang='lat' dir='ltr'><em>ubi</em></span> <span class='ocrx_word' id='word_1_361' title='bbox 318 2417 394 2454; x_wconf 82' lang='lat' dir='ltr'><em>nictari</em></span> <span class='ocrx_word' id='word_1_362' title='bbox 405 2414 479 2464; x_wconf 84' lang='lat' dir='ltr'><em>(vulgo</em></span> <span class='ocrx_word' id='word_1_363' title='bbox 493 2414 575 2461; x_wconf 79' lang='lat' dir='ltr'><em>nexari]</em></span> <span class='ocrx_word' id='word_1_364' title='bbox 595 2424 707 2464; x_wconf 81' lang='lat' dir='ltr'><em>nequeunt,</em></span> <span class='ocrx_word' id='word_1_365' title='bbox 721 2416 802 2452; x_wconf 72' lang='lat' dir='ltr'><em>insiste·</em></span> 
     </span>
     <span class='ocr_line' id='line_1_46' title="bbox 85 2463 801 2518; baseline -0.004 -12"><span class='ocrx_word' id='word_1_366' title='bbox 85 2480 146 2518; x_wconf 80' lang='lat' dir='ltr'><em>reque</em></span> <span class='ocrx_word' id='word_1_367' title='bbox 155 2467 207 2514; x_wconf 78' lang='lat' dir='ltr'><em>alis5</em></span> <span class='ocrx_word' id='word_1_368' title='bbox 227 2476 292 2517; x_wconf 82' lang='lat' dir='ltr'><em>quare</em></span> <span class='ocrx_word' id='word_1_369' title='bbox 302 2465 356 2505; x_wconf 88' lang='lat' dir='ltr'><em>hano</em></span> <span class='ocrx_word' id='word_1_370' title='bbox 367 2466 482 2506; x_wconf 81' lang='lat' dir='ltr'><em>lectionem</em></span> <span class='ocrx_word' id='word_1_371' title='bbox 492 2464 551 2508; x_wconf 88' lang='lat' dir='ltr'><em>Wak.</em></span> <span class='ocrx_word' id='word_1_372' title='bbox 564 2465 645 2516; x_wconf 77' lang='lat' dir='ltr'><em>recepit</em></span> <span class='ocrx_word' id='word_1_373' title='bbox 659 2464 762 2515; x_wconf 66' lang='lat' dir='ltr'><em>(laudans</em></span> <span class='ocrx_word' id='word_1_374' title='bbox 771 2463 801 2516; x_wconf 83' lang='lat' dir='ltr'><em>si-</em></span> 
     </span>
    </p>
   </div>
   <div class='ocr_carea' id='block_1_7' title="bbox 0 0 850 2654">
    <p class='ocr_par' dir='ltr' id='par_1_17' title="bbox 0 0 850 2654">
     <span class='ocr_line' id='line_1_47' title="bbox 0 0 850 2654; baseline 0 0"><span class='ocrx_word' id='word_1_375' title='bbox 0 0 850 2654; x_wconf 95' lang='lat' dir='ltr'><em> </em></span> 
     </span>
    </p>
   </div>
  </div>
 </body>
</html>
