1690 2654
164 79 327 134 urrunnun
341 93 386 133 nr
403 92 621 134 rotenorum.
704 76 752 134 eto

85 206 130 245 220,
158 205 188 242 De
198 214 294 254 praepos.
304 202 328 241 ab
339 209 388 241 ante
401 216 514 241 consonam
527 204 609 254 saepius
621 199 719 250 diximus,
733 212 751 238 e.

35 270 55 308 g,
65 257 91 294 ad
103 253 179 302 V,610.
193 256 249 295 1253.
265 255 299 301 Ἡ,
310 252 355 294 424.
380 254 455 304 (Conf.
467 255 529 293 etiam
540 256 608 294 Heius.
620 255 647 293 ad
657 253 714 292 ovid.
727 264 751 291 ex

35 312 55 346 P.
67 310 89 355 t,
100 309 131 346 50.
145 315 165 344 et
177 309 247 344 Wasse
259 305 321 342 index
330 306 353 343 in
363 306 445 346 Sallust.
456 320 471 344 s.
482 320 500 344 v.
511 309 557 356 ab.)

86 374 130 411 221.
158 372 215 409 udde
232 371 323 408 formam
334 373 433 425 poenibat
444 373 483 418 Vt,
497 370 554 413 1240.
581 369 615 408 Sic
628 370 651 407 in
666 368 752 418 antiqua

35 425 169 511 inserippione·
185 423 243 485 epod
256 424 339 461 Gruter.
356 437 377 473 p.
389 425 447 462 GHI.
462 437 481 460 v.
500 424 533 464 25.
550 423 639 474 legimus
655 423 751 461 moinioi-

49 488 110 516 tuine
128 491 208 514 nzozntoi
224 490 260 513 ets.

33 493 47 531 p
85 528 129 567 263.
157 491 279 566 un’zriisnm.
308 525 369 563 Conf.
380 530 460 562 annoti.
472 524 499 562 ad
508 527 544 575 VI,
556 528 613 568 1066.

85 581 93 596 '
106 580 151 618 358.
177 579 224 630 lege
235 579 327 616 illabitur
336 590 380 627 prov
389 578 490 617 illabitur.

85 627 129 670 400.
157 630 214 681 lege:
229 629 289 669 Walz.
301 629 327 666 ad
337 643 355 667 V.
367 630 412 669 525·
428 628 486 679 [523.
500 639 610 669 nostrae
625 628 701 678 edit]

84 683 92 699 *
106 680 151 722 406.
166 689 186 719 et
199 680 244 723 406,
272 681 320 717 falsi
330 688 378 718 sunt
389 681 473 718 numeri
483 693 522 730 pro
534 679 580 721 405.
591 688 612 719 et
624 679 668 721 407.

85 734 130 773 406.
158 736 265 783 ,,ῃαιιινιι]
280 734 329 770 Non
344 733 414 770 minus
425 739 511 770 venuste
526 733 596 783 legere
607 733 671 781 possis
681 736 751 771 Matu-

35 797 56 825 to
71 786 124 833 (vid.
136 789 160 835 V,
173 786 238 834 655).
258 785 298 822 Sed
308 784 352 822 nihi
371 791 437 825 muto.
468 785 529 822 Conf.
541 784 646 832 Ἦ,470.“
664 786 750 824 Bentl.

85 835 130 877 471.
157 838 224 889 legas:
242 838 292 876 Har.
306 842 327 874 et
337 836 397 877 Wak.
409 843 542 886 receperunt,
557 839 681 877 Bentleii>
692 852 750 890 pro-

34 891 123 980 baui-388
137 948 157 978 et
169 941 214 981 534.
241 939 344 978 Bentleius
355 940 436 990 spurios
446 940 516 978 hahet.

84 993 92 1010 *
106 993 151 1034 581.
178 994 254 1030 Ultima
264 992 325 1029 huius
336 992 520 1030 animadversionis
533 993 610 1040 verba,
624 1005 686 1043 quarn
699 1005 749 1029 con-

34 1043 131 1082 scribenti
142 1044 291 1094 ipsasBentleii
302 1045 447 1081 annotationes
458 1044 559 1095 inspicere
569 1044 620 1083 mihi
630 1057 673 1082 non
682 1043 749 1088 licuit,

34 1095 70 1142 sio,
85 1108 168 1147 quaeso,
183 1098 284 1147 corrigas:
299 1094 387 1146 „uentu
395 1096 488 1147 primum
497 1097 550 1136 coni.
560 1099 646 1137 collibus
656 1099 703 1151 ipsi,
716 1094 749 1134 vel

34 1151 91 1203 1610,-
104 1156 161 1197 post:
175 1151 258 1188 collibus
269 1151 334 1187 icto.“

83 1212 128 1252 590.
157 1213 220 1250 Bentl.
232 1212 322 1249 coniecit
336 1214 380 1251 Udo
390 1226 428 1262 pro
441 1216 503 1251 Uoco.

84 1264 128 1303 651.
144 1265 188 1304 652.
215 1277 258 1301 non
268 1276 395 1315 magnopere
405 1264 504 1302 differunt
517 1264 569 1312 all,
584 1265 628 1305 726,
638 1265 683 1305 726.

83 1317 127 1354 768.
156 1318 184 1354 De
198 1316 262 1353 verbo
271 1319 338 1369 potiri
355 1328 403 1354 curn
418 1328 486 1354 accus.
500 1322 621 1355 constructo
634 1317 674 1356 vid.
684 1315 748 1355 etiam

33 1366 59 1405 ad
71 1368 94 1412 V,
106 1369 161 1407 1032.
389 1394 391 1396 -

83 1420 127 1458 773.
139 1426 158 1456 et
168 1417 212 1459 774.
240 1418 310 1457 statim
321 1420 410 1458 redeunt
421 1421 464 1460 802.
477 1425 497 1458 et
508 1420 551 1460 803.

83 1472 128 1509 776.
155 1473 234 1520 pariter
245 1471 333 1509 iteratur
342 1472 398 1509 infra
408 1474 453 1512 801.

84 1524 129 1561 850.
155 1523 200 1559 Alio
217 1523 312 1573 exempla
325 1524 433 1575 neglectae
446 1522 564 1572 positionis,
585 1536 648 1573 quam
663 1529 746 1567 vocant,

33 1573 139 1611 attulimus
151 1575 177 1611 ad
188 1576 211 1623 V,
223 1577 266 1621 80,
287 1575 360 1625 quihus
375 1576 427 1613 adde
442 1576 533 1622 112906.
546 1577 603 1614 1122.
623 1573 691 1624 1018.
711 1576 747 1620 VI,

35 1626 97 1672 1187..
109 1625 156 1662 coll.
166 1632 237 1663 tamen
247 1632 326 1667 annon.
338 1627 364 1663 ad
374 1629 410 1676 vt,
421 1628 466 1668 697.

82 1692 121 1729 910
134 1710 160 1716 —
172 1692 217 1730 912.
245 1690 287 1727 iarn
297 1691 411 1730 adfuerunt
421 1704 482 1742 supra
497 1693 532 1738 IV,
546 1692 583 1731 181
597 1712 623 1719 -
636 1692 681 1731 183.

82 1743 127 1780 917.
155 1743 216 1781 Conf.
228 1742 311 1791 Epicuri
324 1745 383 1792 epist.
392 1745 419 1782 ad
429 1743 507 1781 Herod.
518 1747 536 1791 ᾗ.
548 1745 579 1783 36.

83 1793 127 1832 969.
155 1796 228 1845 degere
243 1794 336 1832 defendit
352 1796 415 1833 etiam
428 1796 466 1833 Vir
477 1795 550 1834 doctus
566 1794 593 1832 od
603 1793 674 1833 Avieni
687 1794 744 1832 fablr.

32 1841 53 1878 in
63 1843 152 1884 Miscell.
163 1847 219 1883 Ohss.
228 1847 251 1884 T.
263 1850 287 1885 V.
299 1848 320 1884 P.
332 1847 349 1887 Ι.
360 1861 380 1898 p.
392 1848 424 1888 40.

83 1897 139 1935 1030.
168 1898 229 1934 Conf.
239 1897 338 1946 Epicurus
348 1899 396 1937 loco
408 1898 472 1936 inodo
484 1910 562 1936 comm.

83 1948 139 1986 1056.
161 1949 261 2000 feruido]
275 1950 305 1986 sic
319 1950 350 1987 Pii
362 1952 438 1999 Godd..
452 1952 536 1990 Memin.
547 1948 654 1994 Lambini,
667 1948 716 1989 Brit.
725 1950 744 1988 3.

33 2000 54 2031 et
68 1999 131 2045 lunt,
150 2013 213 2050 quam
224 2001 347 2047 lectionem,
366 2002 501 2041 suadentibus
511 2002 590 2051 Fabro,
610 2001 711 2038 Creechio
725 2007 745 2037 et

31 2048 133 2099 Bendoio,
148 2052 215 2102 magis
225 2051 289 2090 etiam
300 2053 400 2092 suadente
411 2053 453 2092 loci
466 2053 566 2091 sententie
578 2060 599 2091 et
608 2052 685 2090 Tibulli
696 2052 744 2090 loco

31 2100 131 2147 parallelo
141 2102 177 2148 IV,
189 2106 219 2152 12,
233 2105 262 2153 1.,
278 2118 326 2142 curn
338 2106 411 2147 llichst
423 2105 501 2156 recepi.
529 2104 589 2145 Wak.
603 2104 658 2142 inire
668 2116 689 2141 se
699 2110 743 2141 tor-

32 2158 81 2198 quet
90 2152 110 2189 in
120 2154 201 2204 vulgari
210 2157 296 2208 frigido
306 2157 443 2198 defendenda.

31 2264 59 2301 Ἦ
83 2218 139 2307 ξὲῗβ
166 2221 196 2257 De
207 2220 296 2259 metrica
306 2221 367 2259 huius
381 2234 450 2261 versus
461 2220 543 2259 ratione
554 2221 610 2262 conf.
625 2226 705 2259 ann‘ott.
717 2220 743 2257 ad

64 2296 69 2314 ‚
123 2296 127 2306 .

82 2321 138 2361 1002.
165 2323 233 2365 Bentl.
243 2323 298 2363 lianc
310 2325 398 2364 alteram
414 2337 497 2378 quoque
510 2323 621 2375 proposuit
636 2323 743 2362 coniectu-

31 2378 76 2438 ἐωξὶ
89 2387 124 2424 spe
140 2387 235 2428 captant,
255 2377 268 2413 i.
283 2390 299 2415 e.
317 2376 527 2431 dityoooujlaudans
544 2377 602 2438 Publ.
622 2380 695 2427 Syrum
710 2377 740 2422 [v.

31 2421 90 2468 ἄλ]
105 2427 203 2476 Fortuna,
217 2444 277 2480 quum
286 2431 396 2478 blanditur,
410 2441 514 2483 captatum
525 2440 587 2469 venit.

82 2473 139 2518 1134.
165 2479 222 2518 cont.
232 2473 309 2520 Ennius
318 2495 339 2533 p.
349 2484 394 2522 212.
406 2481 486 2524 Hessel.
556 2513 558 2516 .
