1690 2654
85 53 87 56 ’
109 68 141 117 42
301 70 342 111 on
359 69 480 110 aunon
495 69 634 111 narona

161 180 215 219 Dant
226 177 317 225 comites,
330 178 377 228 quia
388 179 477 230 primum
489 192 514 219 ex
526 179 572 231 ollis
582 179 656 219 tinibus
668 184 728 226 edunt

161 232 200 270 Per
211 233 309 269 terrarum
322 231 388 269 orbeis
400 234 469 284 fruges
482 232 568 282 coepisse
582 232 650 270 creari.

110 282 149 323 615
163 283 231 321 Gallos
245 282 364 332 attribuunt3
377 284 433 332 quia,
446 297 519 323 numen
531 283 576 334 quei
589 283 683 326 violarint

161 334 244 380 Matris,
258 338 277 373 et
289 335 376 384 ingratei
388 337 511 386 genitoribus
523 336 608 375 inventei
621 337 666 386 sint,

161 385 280 437 Significare
291 387 360 425 volunt
371 388 462 438 indignos
476 401 517 427 esse
530 388 632 437 putandos,
661 429 665 434 q

160 438 233 478 Vivam
248 438 365 490 progeniem
378 441 423 489 quei
435 440 457 478 in
469 453 514 479 oras
526 439 606 479 luminis
619 440 682 480 edant.

161 490 269 541 Tympana
280 494 333 529 tenta
344 491 414 530 tonant
426 493 509 540 palmeis
522 496 541 531 et
554 493 646 542 cymbala
654 493 733 534 cineum

109 540 149 583 62⁰
162 543 265 590 Concava,
276 543 419 593 raucisonoque
431 543 531 583 minantur
543 556 619 583 cornua
632 549 697 593 cantu,
717 560 720 564 ¹

160 595 187 633 Et
201 594 292 645 Phrygio
304 594 393 642 stimulat
404 608 486 634 numero
495 595 549 635 >cava
561 596 610 634 tibia
621 599 715 644 mentcis3

161 647 251 695 Telaque
262 651 400 695 praeportant,
408 647 496 686 violenti
510 648 566 697 signa
578 647 658 695 furoris,
720 664 721 667 ¹

160 698 251 749 Ingratos
264 698 340 737 animos
353 702 411 748 atque
423 699 486 747 impia
498 702 580 748 pectora
591 697 649 749 volgi
682 737 684 739 .
737 713 738 717 ’

161 750 276 798 Conterrere
288 748 342 787 metir
356 761 405 799 quae
417 750 493 800 possint
504 749 584 787 numine
599 750 662 788 dinae.

108 800 149 841 625
186 802 243 851 Ergo
255 813 315 849 quom
328 801 426 849 primum,
441 813 525 852 magnas
536 801 614 839 invecta
626 814 662 851 per
673 803 748 851 urbeis,

159 852 263 892 illunillcat
275 852 335 891 tacita
347 852 446 905 mortaleis
459 855 514 891 muta
526 853 601 899 salnte3
639 873 641 875 v

160 905 212 943 Aere
225 907 284 953 atquc
297 908 378 955 argento
391 908 479 943 sternunt
491 904 529 941 iter
545 916 603 942 omne
614 904 700 954 riarum,
758 935 761 938 t

160 956 261 1006 largifica
275 955 324 1004 stipe
338 956 432 1003 ditantes,
444 956 566 1007 ninguntque
578 968 669 994 rosarum
689 976 708 981 ·-=
723 967 732 990 ἰ
751 994 753 996 .

160 1008 265 1051 Floribus,
279 1008 391 1049 umbrantes
403 1008 488 1046 lllatrem
501 1008 634 1055 comitumque
647 1011 752 1054 catervam.
758 1020 766 1043 a*
804 1032 812 1039 s

79 1075 80 1078 ¹
108 1058 148 1099 630
160 1058 200 1099 Hic
212 1061 290 1098 armata
302 1072 383 1106 manus,
397 1059 478 1098 Curetas
489 1057 664 1098 nomiueGraecei
685 1091 687 1094 .
804 1085 805 1088 η

160 1111 215 1160 Quos
227 1114 338 1150 memorant
350 1111 461 1162 Phrygios,
475 1110 526 1149 inter
539 1111 625 1149 seforte
638 1114 717 1156 catenas
734 1126 736 1128 ’
782 1109 787 1113 ”

161 1163 252 1210 Ludunt,
264 1163 285 1201 in
298 1175 440 1214 numerumque
452 1162 559 1209 exsultant,
572 1162 754 1212 sanguinefleteip
769 1191 770 1194 =

161 1214 270 1254 Terrificas
282 1214 368 1264 capitum
381 1214 487 1263 quatientes
500 1213 580 1251 numine
593 1214 669 1261 cristas,
712 1231 720 1244 ι

160 1265 252 1306 Dictaeos
264 1267 353 1306 referunt
366 1267 456 1313 Curetas,
470 1265 515 1315 quei
527 1264 579 1302 loris
593 1265 655 1303 ellum

108 1317 148 1359 635
161 1318 254 1370 vagitum
266 1319 287 1357 in
301 1320 358 1357 Creta
371 1318 469 1368 qnondam
482 1317 589 1354 occultasse
601 1317 700 1364 ferentum

161 1372 225 1419 Quom
238 1371 307 1419 puerei
319 1371 393 1409 circum
406 1382 490 1420 puerum
502 1368 580 1418 pernice
593 1368 666 1406 chorea

160 1424 250 1461 armatei
262 1423 283 1461 in
295 1435 399 1462 numerum
412 1423 511 1472 pulsarent
523 1419 602 1471 aeribus
615 1433 668 1468 aera,

160 1475 190 1516 Ne
202 1475 298 1516 Saturnus
309 1488 355 1515 eum
367 1474 436 1515 maleis
448 1473 551 1514 mandaret
563 1473 652 1528 adeptus,
679 1490 680 1493 ¹

159 1529 304 1580 Aeternumque
317 1529 373 1567 daret
385 1528 444 1566 matri
457 1528 493 1566 sub
507 1529 587 1575 pectore
601 1525 678 1561 volnus,

108 1579 148 1620 tto
159 1581 267 1630 Propterea
279 1584 374 1630 magnam
386 1579 469 1618 armatei
478 1578 567 1617 ‘Matrem
580 1575 710 1614 comitantur:

159 1633 212 1679 Ant,
226 1632 273 1681 quia
285 1633 397 1682 significant
410 1630 477 1669 divam
488 1627 612 1678 praedicere,
626 1629 648 1665 ut
661 1625 722 1666 armis

160 1683 190 1722 Ac
202 1683 276 1722 virtute
288 1683 350 1722 velint
361 1682 447 1732 patriam
460 1680 564 1719 defendere
577 1682 663 1725 terram3

160 1735 381 1784 Praesidioqueparent
394 1732 497 1782 decorique
509 1731 625 1781 parentibus
638 1741 686 1767 esse.
747 1768 749 1770 ,

187 1788 254 1835 Quae,
268 1789 318 1825 bene
330 1791 350 1825 et
362 1785 433 1824 eximie
446 1782 536 1833 quamvis
549 1783 635 1830 disposta
647 1782 741 1830 ferantur,

108 1837 151 1880 645
160 1837 229 1888 Longe
242 1841 286 1877 sunt
298 1842 363 1877 tamen
377 1850 390 1876 a
402 1835 539 1875 veneratione
551 1834 637 1883 repulsa.
675 1850 677 1853 >

161 1890 229 1929 Omnis
242 1891 295 1929 enim
307 1903 343 1941 per
355 1902 376 1929 so
388 1889 455 1927 divom
467 1891 538 1926 natura
550 1897 628 1922 necesse
642 1887 673 1923 est

160 1943 271 1979 Immortali
286 1954 335 1979 aevo
349 1953 426 1989 summa
438 1950 544 1987 cumpace
557 1937 642 1981 truatur,

159 1992 242 2032 Sernota
255 2007 268 2032 a
279 1994 350 2031 nostris
362 1993 422 2030 rebus
435 1991 560 2037 seiunctaque
572 1987 643 2046 longcj

160 2044 212 2084 Nam
226 2044 385 2095 privata-dolore
398 2043 463 2089 omni,
478 2040 556 2090 privata
569 2038 654 2087 periclis,

109 2094 149 2138 650
161 2098 206 2145 lpse
218 2097 260 2135 suis
272 2097 348 2147 pollens
361 2094 444 2144 opibus,
457 2092 509 2130 nihil
521 2090 589 2139 indiga
600 2088 670 2150 nostri,

160 2149 201 2188 Noc
213 2150 264 2186 bene
276 2147 390 2198 promeritis
402 2146 490 2194 capitur,
503 2155 539 2202 neq
551 2144 639 2191 tangitur
651 2141 688 2180 ira.
757 2180 759 2183 ,

187 2200 252 2238 Terra
265 2201 344 2249 quidem
356 2199 403 2238 vero
416 2199 471 2236 caret
483 2207 538 2234 emur
550 2198 639 2242 ternpore
651 2205 729 2241 sensu3-

161 2249 211 2296 Sed,
226 2251 273 2301 quia
285 2252 394 2300 multarum
406 2250 482 2300 potitur
493 2245 602 2297 primordia
614 2257 688 2293 rerum,

161 2302 227 2340 Multa
240 2303 303 2341 modis
316 2303 383 2340 multis
396 2302 454 2339 effert
466 2297 576 2337 inlumina
588 2296 642 2334 selle.

110 2353 149 2393 655
161 2355 203 2392 Hic
216 2354 233 2390 si
246 2355 289 2402 quis
301 2355 356 2392 mare
368 2353 491 2403 Neptunum,
508 2350 637 2395 Cereremque
649 2358 721 2386 vocare

162 2405 270 2443 Constituet
280 2405 360 2455 fruges,
373 2407 392 2442 ct
404 2403 479 2444 Bacchi
492 2400 572 2440 nomiae
584 2399 640 2438 abuti

161 2457 250 2505 diavolt,
265 2469 324 2508 quam
336 2455 401 2497 laticis
412 2454 514 2507 proprium
527 2451 617 2503 proferre
628 2460 734 2498 vocamen;
