1690 2654
272 75 275 82 .
313 9 418 97 niano
448 38 479 79 u.

81 149 105 187 In
116 159 261 197 quasquomquc
271 146 324 185 dedit
330 147 403 197 parteis
413 150 484 185 natura
492 145 596 185 meatum?

82 199 126 239 Non
138 198 207 236 cadere
216 199 237 236 in
249 202 323 237 terrain
333 200 399 237 stellas
408 202 427 236 et
437 200 502 237 sidero
511 197 588 236 cernis?

83 251 119 290 Sol
131 249 191 300 etiam
200 247 277 288 summo
290 251 314 288 de
324 251 398 289 vortice
409 250 496 299 dissupat
508 249 584 288 omneis

82 303 178 342 Ardorem
188 301 208 339 in
218 302 304 351 parteis,¹
315 306 335 339 ct
343 302 419 339 iumine
428 302 511 339 conserit
522 314 583 340 aria:

82 355 105 393 In
115 358 177 397 terras
186 354 248 403 igitur
257 366 335 401 qnoque
343 353 390 391 solis
400 352 489 402 vergitur
498 354 563 389 ardor.

83 407 253 452 Transvorsosqnc
264 405 332 441 volare
343 417 378 453 per
385 403 465 450 irnbreis
474 403 558 441 fulmina
567 402 641 452 cernis;
682 416 683 419 ’

40 473 41 476 ’
83 456 141 496 Nunc
149 456 202 503 hinc,
211 468 267 495 nunc
278 455 333 505 illinc
343 455 432 505 abrnptci
442 453 526 493 nubibus
536 454 592 505 ignes

83 509 214 557 Concrirsaiit;
227 507 281 555 cadit
289 507 310 544 in
320 510 381 544 terras
391 507 422 544 ris
431 507 524 544 flammea
535 507 602 556 volgo.

109 560 162 598 Illud
170 559 191 597 in
201 559 233 596 his
243 572 320 611 quoqne
330 560 422 596 te'rebns
433 571 552 608 cognoscere
563 569 654 595 oremusr

84 611 178 660 Corpora.
192 623 252 659 quom
264 611 354 649 deorsum
365 615 442 649 rectum
452 610 554 659 perinane
564 610 670 658 feruntur„

83 662 204 703 Ponderibus
212 663 296 711 propriis
307 662 381 700 incerto
392 666 480 712 tempore
489 663 558 710 senne,
602 698 604 703 ,

83 715 202 764 incertisque
209 715 268 762 lons,-
277 714 340 763 spatio
353 715 450 762 depellere
463 715 563 762 paullum:

83 767 177 813 Tantum,
188 767 239 813 qnod
250 766 361 803 minumum
371 769 469 803 mutatum
480 765 544 802 dicere
555 764 623 814 pressis.

110 818 168 867 Quod
176 817 212 856 nisi
223 817 322 865 declinare
328 814 418 863 solerent,
432 815 498 855 onmia
510 817 607 864 dcorsrun,

83 867 155 909 imbris
164 870 194 907 uti
204 873 278 919 guttae,
296 869 429 918 caderentper
438 870 495 905 inane
505 870 635 917 protundum3

83 922 125 961 Nec
134 922 186 958 foret
194 922 278 958 offensus
288 920 350 968 notus,
363 933 399 957 nec
411 921 471 968 plage
480 925 548 958 creato

84 971 209 1021 Principieis:
222 972 251 1012 ite
262 972 291 1011 nii
298 971 387 1021 unquam
397 974 468 1011 natura
477 975 567 1011 creasset.

110 1025 168 1074 Quod
178 1024 256 1063 si'fortc
266 1023 337 1073 aliquis
346 1021 414 1071 credit,
432 1023 526 1075 graviore
538 1027 615 1074 potesse

85 1076 179 1124 Corpora,
192 1087 230 1125 quo
242 1075 299 1114 citius
309 1079 384 1113 rectum
394 1077 497 1125 perinane
507 1077 603 1125 feruntur⁷

83 1128 170 1166 Incidere
181 1124 270 1176 esu'pcro
281 1126 394 1173 levioribus,
407 1131 465 1176 atquo
476 1127 504 1165 ira
516 1129 585 1179 plagas

85 1177 179 1229 Gigrrere‚
196 1183 246 1227 quoe
255 1178 333 1228 possint
338 1178 441 1229 genitricis
451 1179 532 1225 reddere
541 1183 616 1228 nrotns3

83 1231 145 1270 Arius
153 1240 225 1269 'orere
235 1231 294 1282 longe
303 1231 378 1269 ratione
389 1231 469 1268 recedit.
526 1256 528 1258 -
694 1268 696 1270 .

83 1283 173 1331 Namper
179 1295 239 1331 aquas
244 1296 391 1330 quaequomque
397 1283 468 1320 cadunt
474 1286 531 1331 atquc
538 1284 585 1320 adra
591 1282 688 1331 deorsum,

83 1335 141 1374 Haec
151 1348 186 1382 pro
198 1334 316 1383 ponderibus
324 1347 380 1372 cesus
390 1334 475 1380 celerare
486 1344 563 1372 necesse
573 1339 612 1373 est:
665 1355 667 1360 ·

83 1385 198 1434 Propterea,
212 1386 258 1434 quia
266 1398 335 1435 corpus
349 1385 413 1435 aquae
422 1390 530 1435 naturaque
539 1385 602 1423 tenvis

82 1437 139 1475 Aeris
148 1438 201 1475 houd
213 1442 295 1487 possunt
305 1450 367 1486 aeque
376 1450 417 1474 rem
428 1451 527 1487 quamque
534 1438 621 1486 morari;

83 1489 124 1527 Sed
132 1489 189 1525 citius
201 1487 276 1536 cedunt,
294 1488 420 1539 grauioribus
429 1494 549 1537 exsuperata.

82 1541 110 1581 At
122 1543 189 1578 contra
199 1537 255 1587 uuili,
269 1542 293 1578 de
302 1541 357 1579 nulle
368 1544 429 1589 parte,
443 1554 505 1589 neque
516 1540 558 1579 ullo

83 1591 182 1641 Tempore
192 1592 250 1630 inane
258 1596 320 1640 potest
329 1604 414 1630 vacnum
423 1593 526 1630 subsistere
533 1592 575 1638 roi;
624 1632 626 1636 ,
671 1618 673 1621 .

83 1643 142 1691 Quin,
155 1656 192 1682 sne
202 1645 252 1691 quod
260 1648 330 1687 natura
338 1644 393 1693 petit,
407 1645 512 1682 concedere
523 1646 599 1694 pergat.

84 1695 156 1733 Omnia
164 1699 282 1744 quapropter
294 1696 364 1733 debent
375 1710 410 1745 per
419 1696 476 1734 inane
487 1697 575 1744 quietum

83 1746 156 1796 Aeque,
170 1747 290 1796 ponderibus
298 1759 336 1785 non
346 1748 418 1795 nequis,
433 1747 508 1787 connita
521 1747 576 1785 ferri·
592 1738 594 1763 Α

83 1799 144 1836 Hand
156 1797 218 1848 igitur
226 1803 316 1847 poterunt
324 1799 432 1837 levioribus
444 1800 529 1837 incidere
540 1810 627 1848 unquam
705 1798 745 1838 210

84 1850 116 1887 Ex
125 1862 194 1897 supero
204 1850 303 1899 graviora,
319 1863 382 1899 neque
393 1852 443 1888 ictus
453 1851 535 1900 gignere
546 1864 582 1900 per
594 1863 622 1897 sc,

84 1900 136 1950 Quoi
145 1901 222 1938 varior
229 1905 301 1946 motus,
314 1915 349 1950 per
358 1915 405 1950 quos
414 1907 484 1939 natura
495 1908 552 1952 gerat
562 1914 600 1939 rcs.

110 1953 177 2001 Quare
187 1952 248 1992 etiam
258 1957 316 2002 atque
326 1954 386 1992 etiam
396 1955 487 2003 paullum
497 1954 593 1992 inclinare
605 1964 682 1991 necesse
691 1957 721 1993 cst

84 2003 178 2052 Corpora,
193 2017 228 2041 nec
236 2005 281 2053 plns
294 2017 352 2053 qnam
363 2006 486 2051 niinnmnm3
505 2018 530 2042 ne
540 2007 615 2056 fingere
624 2009 688 2044 motus

85 2055 179 2104 Obliquos
188 2056 296 2102 videamur,
305 2061 329 2093 et
340 2057 361 2094 id
370 2071 401 2094 ros
411 2070 458 2095 vcra
467 2058 546 2095 refutet.
556 2065 561 2077 ·
705 2054 745 2095 245

82 2105 172 2155 Namque
182 2108 221 2145 hoc
232 2108 252 2145 in
261 2112 340 2156 promtu
349 2109 513 2156 manifestumque
525 2107 670 2157 offertiones,

83 2157 180 2206 Pondere,
194 2163 288 2208 qnantum
297 2161 318 2197 in
327 2174 348 2198 se
359 2165 394 2207 cst,
412 2173 451 2197 non
461 2173 518 2209 posse
529 2161 609 2209 obliqua
619 2173 693 2209 meare,

83 2208 114 2245 Ex
123 2222 192 2258 supero
205 2224 263 2259 quoni
272 2212 407 2261 praecipitent,
420 2212 472 2260 qnod
483 2225 561 2250 cernere
573 2213 641 2262 possis.
691 2255 695 2260 ,

84 2259 125 2297 Sed
135 2261 186 2299 nihil
196 2263 274 2300 omnino
282 2267 336 2301 recta
349 2264 430 2313 regione
439 2263 480 2301 vini

83 2311 194 2360 Declinarc,
208 2316 250 2363 quis
260 2320 294 2361 est,
307 2316 341 2365 qni
351 2315 411 2365 possit
421 2328 506 2364 cernere,
520 2312 575 2354 sese?
706 2312 745 2355 ¹250

75 2398 77 2401 .
109 2363 198 2412 Denique
211 2367 227 2404 si
239 2379 315 2416 semper
324 2373 389 2407 motus
401 2368 521 2406 connectitur
532 2366 602 2416 omnis,

83 2412 111 2452 Et
121 2418 187 2453 vetere
197 2419 283 2458 exoritru
295 2432 371 2471 semper
380 2433 441 2460 novus
452 2421 520 2459 ordine
529 2423 589 2468 certo,
643 2431 645 2435 ³
