1690 2654
228 126 269 165 AD
285 123 420 165 LIBRUM
437 121 607 177 QUINTUM.
731 120 778 166 421

58 232 115 272 idem
130 233 190 272 Wak.
206 234 303 272 Lucretio
318 233 409 272 restituit
424 247 435 272 e
453 232 512 271 libris
523 239 603 271 tantum
614 246 657 271 non
668 230 775 279 omnibus;

58 287 112 322 lunt.
129 292 149 323 et
182 285 210 324 td.
221 288 251 333 2.,
266 297 316 337 quas
331 286 428 338 vulgares
444 284 502 326 editt.
516 291 643 337 sequuntur,
658 301 716 338 quom
730 286 777 324 lou-

74 340 189 376 insobriat.

58 353 73 390 g
110 390 155 428 590.
182 391 206 424 In
220 388 270 426 Hau.
287 394 308 425 et
322 387 383 426 Wak.
403 387 466 425 Codd.
484 386 538 424 sicut
553 387 575 424 in
592 387 650 425 editt.
661 386 714 425 Brix.
728 389 776 425 Ver.

57 439 109 485 Veri.
121 453 153 479 vv.
164 441 208 479 500.
219 445 241 475 et
250 440 306 486 591„
320 439 393 481 ordine
407 438 544 490 perturbato,
558 445 673 490 sequuntur
690 439 777 477 demum

56 497 104 541 post
116 504 134 527 v.
144 492 196 534 595„
208 494 230 525 et
241 490 263 526 in
273 491 334 528 Poor.
348 491 408 527 Cant.
420 489 465 527 Aid.
478 491 497 529 1,
509 492 558 530 Bon.
570 491 625 529 Iunt.
637 496 684 541 post
697 504 716 532 u.
728 491 774 531 591.

56 544 146 579 iteratur
155 556 172 580 v.
183 539 228 579 584.

108 592 153 631 597.
179 591 316 643 Largissuum]
332 591 467 640 Conf.I‚.⁶283.
478 592 535 631 1030.
549 589 625 638 18948.
633 598 682 639 etc.;
694 593 773 641 Itone.

56 655 107 681 vero
119 643 186 681 simite
197 643 338 691 compositum
348 642 450 680 hebemus
461 645 575 695 largificus.
597 644 657 682 War.
666 649 775 694 comparat

57 694 102 733 Cic.
114 695 139 731 de
150 698 183 732 Or.
192 697 226 744 nt,
237 696 270 733 39.
283 701 304 730 et
313 695 398 732 Iuveuc.
408 697 424 744 J,
435 696 478 733 103.
491 717 518 723 —-
530 696 623 745 scatere]
637 696 685 731 Brit.
693 697 713 734 2.
726 697 773 732 Ver.

56 746 108 783 Ven·
123 758 210 794 statere,
224 745 280 783 unde
289 745 312 795 in
322 747 382 783 Poor.
392 757 447 783 stare
456 746 545 784 factum.
573 746 647 794 (Gens.
660 746 701 784 Cic.
712 748 773 784 Tusc.

55 797 74 845 Ι,
82 798 115 837 28.
128 797 199 849 ibique
210 795 277 834 Davis.
287 802 308 834 et
320 795 579 848 GruteriInscrr..p.178.‚
596 811 647 849 quos
658 797 717 839 Wak.
727 797 773 836 ian-

56 849 111 896 dat.)
126 870 152 877 —-
166 848 244 898 lumen]
258 848 307 886 Brit.
318 849 337 888 2.
349 847 393 885 ald.
403 849 422 886 1.
433 850 573 900 Bomflumen.

107 901 153 939 598.
180 899 241 953 quia]
259 901 328 947 Hauc,
341 898 411 937 nescio
427 900 497 946 cuius,
511 900 666 945 coniecturam,
680 901 706 937 ab
721 903 773 938 Hav.

55 951 98 989 iam
114 956 312 999 commemoratam,
334 955 407 1000 utpote
424 950 613 1001 simplicissimam,
633 965 682 990 curn
698 952 773 990 Eichst.

54 1003 133 1053 recepi.
163 1003 221 1041 Libri
239 1001 382 1055 enimomnes
399 1016 452 1052 quc,
473 1002 530 1053 quod
544 1004 605 1041 Wak.
621 1004 722 1053 servavit,
742 1004 773 1041 sic

56 1055 172 1103 explicans:
184 1070 237 1106 qua,
250 1055 264 1093 i.
274 1065 291 1091 e.
308 1054 332 1104 ῂ,
347 1050 377 1091 δι’
391 1053 428 1102 ῆς,
443 1069 482 1106 qun
496 1057 542 1100 cia,
554 1070 661 1107 perquam
672 1058 737 1093 viam:
751 1062 773 1093 et

54 1106 111 1143 redit
124 1106 200 1144 vocula
215 1106 241 1143 ad
257 1105 345 1144 verbum
358 1105 476 1156 profluat.“
502 1105 572 1157 Vuigo
589 1122 640 1159 quo,
659 1113 732 1144 contra
746 1107 773 1143 h'-

54 1157 111 1198 bros
123 1179 149 1185 -
161 1157 253 1210 vaporis]
270 1155 433 1206 Eichstaedtium
446 1156 480 1194 hic
496 1156 558 1195 etiam
570 1163 681 1207 sequutus,
699 1157 772 1207 vulga-

54 1220 100 1246 rem
110 1208 197 1255 retinui,
210 1209 260 1245 iicet
269 1206 365 1245 omuibus
374 1207 433 1244 libris
443 1207 612 1255 reclamantibus,
627 1209 662 1260 qui
670 1209 772 1259 praebent

54 1275 136 1312 uapore,
149 1259 205 1310 qnod
215 1260 275 1298 Wak.
284 1258 371 1309 recepit,
382 1258 453 1309 paullo
464 1258 550 1296 liberius
558 1272 596 1308 pro
609 1261 717 1297 elementis
726 1276 771 1299 cum

54 1323 138 1362 vapore,
150 1312 183 1349 vel
191 1310 291 1360 praeditis
300 1322 376 1359 vapore
386 1316 503 1359 acceptum.
518 1313 572 1347 Iunt.
579 1317 600 1347 et
605 1311 672 1350 alde.
683 1326 769 1363 vapore.

106 1365 154 1401 Post
169 1377 187 1400 v.
199 1365 243 1404 600.
259 1368 316 1400 recte
330 1361 390 1402 Wak.
405 1361 518 1399 maximam
534 1361 604 1412 posuit
617 1361 770 1412 interpunctio-

53 1426 109 1452 nem.
136 1415 204 1466 Vulgo
212 1414 327 1451 semicolon
336 1414 412 1462 modo,
427 1413 483 1463 qnod
494 1413 576 1458 dicunt,
591 1413 718 1464 adpingitur.

107 1467 150 1505 6οΞΙ
176 1467 244 1517 riget]
262 1466 311 1504 Brit.
322 1467 341 1504 2.
353 1468 426 1516 rigent.
439 1486 465 1492 —
479 1466 570 1518 campis]
583 1465 641 1504 ssodl.
655 1468 704 1506 Ver.
716 1465 767 1505 Veri.

54 1516 99 1556 Ata.
109 1519 127 1556 1.
140 1518 189 1555 Bon.
202 1532 293 1571 campos,
307 1515 363 1567 qnod
373 1515 433 1555 Wak.
443 1516 530 1553 fortasse
541 1529 613 1554 verum
626 1523 702 1556 censet.

106 1569 151 1607 603.
178 1573 241 1607 etiam
252 1569 337 1623 quoque]
351 1567 402 1604 Vide
414 1567 440 1604 ad
451 1568 490 1615 ΠΙ,
502 1569 547 1607 293.
558 1569 581 1616 V,
595 1567 638 1606 154.
651 1574 672 1605 et
682 1567 768 1617 VI‚503.

105 1617 150 1658 604.
175 1620 288 1672 pescipiut]
303 1619 333 1657 sic
345 1618 394 1656 Brit.
405 1621 423 1658 1.
435 1620 454 1657 3.
466 1624 486 1656 et
497 1618 540 1657 ald.
550 1620 582 1667 23
596 1618 662 1670 Lngd.
675 1621 693 1658 1.
701 1623 770 1671 perci-

51 1673 115 1722 pitur,
129 1670 174 1709 Ald.
186 1672 204 1710 1.
214 1674 263 1711 Bon.
274 1674 329 1710 Iunt.
337 1674 458 1723 praeripiat,
471 1670 547 1718 reliqui
558 1674 689 1721 praecipitat.
705 1671 770 1708 Hein-

54 1721 95 1758 sius
106 1722 200 1760 Adverss.
213 1736 233 1773 p.
242 1725 287 1763 310.
300 1722 412 1768 hocloco,
426 1727 450 1759 ut
459 1724 492 1768 ΙΙΙ,
502 1723 534 1761 29:
547 1728 567 1760 et
578 1723 612 1769 IV,
625 1723 669 1762 731.
682 1722 770 1760 verbum

52 1775 141 1824 perciere
149 1774 196 1811 vult
205 1775 353 1819 substitutum,
366 1773 401 1810 sed
410 1784 529 1823 perperam.

105 1827 150 1863 608.
175 1827 286 1875 Accidere]
300 1826 330 1864 sic
339 1826 399 1864 Wak.
409 1837 456 1861 curn
467 1825 532 1875 Lngd.
540 1826 582 1864 te
597 1824 725 1873 „Nimirum
736 1823 768 1860 in·

23 1903 26 1910 .
55 1873 112 1928 puit,
126 1880 291 1916 voccsincenclia
301 1879 376 1929 passim
390 1882 439 1912 sunt
454 1872 529 1925 ὑφ’ἕυ
545 1875 685 1925 accipiendae.
713 1875 768 1912 Dicit

53 1924 118 1973 igitur
132 1927 250 1966 Lucretius:
266 1927 479 1967 Latissimaincendia
490 1927 595 1976 accidere,
609 1926 643 1965 vei
660 1929 767 1979 attingere,

54 1976 151 2025 stipulam
167 1992 191 2016 ex
206 1980 358 2019 scintiliauna.
367 1981 381 2001 “
409 1981 468 2017 Cant.
480 1980 533 2017 Bria.
544 1978 588 2017 Aid.
601 1980 619 2017 1.
628 1981 647 2019 2.
659 1980 712 2016 Bon.
723 1983 767 2017 Ac-

40 2066 42 2069 ,
55 2030 123 2084 cendi,
137 2030 191 2067 Iunt.
200 2036 304 2085 Accipere,
318 2031 375 2082 qnod
385 2031 480 2082 vulgares
491 2031 549 2068 editt.
560 2030 705 2080 arripuerunt5
718 2030 768 2067 reii-

11 2093 12 2096 *
55 2089 89 2127 qui
99 2090 170 2118 omiies
181 2087 302 2123 Accendere.

105 2132 149 2170 609.
176 2132 241 2172 Waks
251 2135 317 2187 magis
328 2134 398 2185 placet
409 2146 491 2183 versus,
506 2132 540 2185 qui
552 2131 574 2170 in
584 2132 634 2172 Brit.
645 2135 663 2173 1.
676 2140 697 2171 et
709 2134 766 2173 Innt.

15 2212 17 2215 ,
54 2178 140 2230 legitur:
154 2187 203 2223 F.et
215 2202 284 2227 roseus
295 2189 325 2227 soi
337 2189 381 2226 altu
392 2182 485 2238 lampade
496 2188 516 2233 t,
533 2185 606 2235 quibus
615 2186 685 2223 faveat
696 2185 767 2234 etiam,

55 2231 111 2288 quod
121 2249 188 2274 roseos
198 2237 254 2275 sitin
267 2241 327 2277 Peor.
337 2245 357 2275 et
367 2241 411 2276 alta
422 2238 484 2274 etiam
496 2237 517 2273 in
532 2238 583 2273 Brit.
595 2237 625 2286 3.;
638 2238 682 2287 ipse
694 2244 765 2276 tamen

55 2292 109 2319 conr.
120 2299 177 2324 rosen
188 2291 219 2327 sol
229 2291 270 2329 late
280 2294 293 2331 l.
303 2293 329 2337 l.,
343 2296 426 2339 praeter
436 2288 589 2326 necessitatem.

11 2366 13 2369 ,
69 2361 78 2389 5
105 2335 149 2372 611.
175 2339 213 2389 sit]
228 2341 374 2383 Wakeconi.
386 2339 450 2378 edidit
460 2342 494 2387 sic,
504 2339 607 2389 simulque
616 2338 723 2391 optionem
732 2339 764 2377 ia-

24 2427 26 2429 q
56 2388 84 2418 cit
93 2382 174 2425 alterius
186 2392 317 2431 coniecturae
326 2397 355 2439 si,
369 2404 456 2444 quarum
468 2398 543 2429 neutra
552 2392 668 2429 necessaria
677 2391 763 2428 videtur.

105 2436 149 2474 612.
174 2443 266 2492 Aestifer
282 2450 303 2483 in
320 2456 398 2484 tantum
413 2444 474 2482 Wak.
487 2444 607 2481 coniectura
618 2450 648 2480 est
658 2443 719 2479 lande
730 2441 762 2476 di-

54 2483 163 2534 gnissimas
176 2492 238 2544 vulgo
249 2497 374 2548 Aes-sisarum
384 2507 406 2535 ut
415 2507 507 2544 tantum,
520 2494 696 2546 quemadmodum
705 2492 762 2530 solae

85 2553 202 2589 nuenarius.
573 2551 612 2591 Nn
