1690 2654
414 15 419 34 l

252 94 293 135 uu
309 89 445 145 mertun
460 84 611 127 Purnnu.
743 84 790 128 173

74 205 164 257 explicat
174 216 212 256 per
223 195 370 242 attractionem
379 199 427 237 satis
436 203 522 246 notam,
540 194 639 256 Lucretio
650 204 736 254 auoque
746 191 790 239 usi-

72 265 139 296 tatam
157 257 230 303 (coni.
237 255 292 304 infra
306 266 325 291 r.
338 254 404 299 172),
424 251 449 288 de
468 261 513 303 esua*
526 255 570 301 agit
585 246 727 308 Ruddrmann.
742 246 790 285 Inst.

74 310 169 348 Graium.
179 311 203 345 Π.
215 321 235 358 p.
246 306 291 347 385.
302 303 421 342 euentu.
738 330 740 333 .

109 374 169 413 49..
182 369 357 421 Frundc'fhrasque
376 369 448 405 domus
463 367 546 411 avium]
570 363 623 402 haec
639 362 704 402 rerba
717 361 790 401 laudat

73 428 130 463 Serv.
141 425 168 461 ad
178 423 236 472 Virg.
249 423 303 458 Geo.
314 421 339 466 li,
353 420 399 458 372.

124 477 157 514 21.
182 470 310 525 generatim]
326 482 389 520 quarn
400 468 491 507 maxime
501 472 559 515 amat
568 472 640 505 noster
649 466 703 504 hoec
712 466 789 505 adver-

71 525 108 565 hia
116 526 138 564 in
149 521 311 567 indesinentia,
327 533 417 572 quorum
427 520 557 570 catalogum,
570 518 736 556 Wakefieidiano
750 518 790 566 (ad

71 581 88 622 Ι,
99 575 145 624 46.)
160 573 323 624 locupletiorem
335 573 358 609 in
374 572 429 610 Diss.
443 584 492 609 mea
505 570 531 608 de
545 572 606 608 Lucr.
618 583 638 619 p.
649 570 682 609 43.
700 569 788 619 erhibui.

89 627 135 664 lura
147 638 172 663 ex
183 625 227 663 aliis
238 622 321 675 quoque
331 624 466 675 scriptoribus
478 621 564 673 cdllegit
573 620 670 661 Priscian.
677 622 722 668 XV,
730 619 749 660 4.
759 621 788 658 in.

73 678 106 728 (p.
118 679 175 718 1013.
187 679 221 727 P.)
236 676 294 715 Conf.
306 676 369 714 etiam
379 675 472 713 Oudend.
484 674 511 711 aa
521 674 582 725 Apul.
594 675 644 710 Met.
655 674 689 711 IV.
698 686 720 723 p·
731 673 777 712 252.

123 742 155 781 23.
181 738 640 791 luminiooroo]sleomneslibri,rectissi1ne;
652 737 789 789 quemadmo-

72 793 123 831 dum
131 798 204 829 noster
212 792 268 829 haud
276 804 335 839 retro,r
347 799 462 842 praeeunte
468 791 533 828 Ennio
544 792 596 826 Anu.
607 791 625 827 l.
634 803 656 839 p.
665 791 697 829 38.
710 788 787 829 Hessel.

71 844 117 893 (ubi
128 843 184 881 conf.
196 843 304 892 Columna)
316 850 336 880 et
347 850 400 882 Anu.
411 845 435 881 Π.
446 843 511 892 pot,
525 848 624 891 sequente
636 840 725 893 Virgilio
736 845 786 879 Aen.

70 897 114 943 Vll,
124 898 168 935 660.
182 901 203 932 et
214 897 265 933 Geo.
276 895 304 943 Π,
320 891 353 934 47.
367 895 404 933 ubi
418 894 460 932 vid.
471 896 529 932 Voss.
540 899 561 930 et
570 892 635 939 lahn;
655 893 712 931 conf.
723 893 787 931 etiem

0 941 9 992 ,ζ
70 946 154 985 Wakef.
168 946 194 984 ad
204 948 266 984 Lucr.
277 948 301 995 V,
311 947 356 985 779.
384 945 459 984 Nescio
476 945 551 995 igitur,
560 944 617 993 -quid
628 945 787 983 Lachmannum

0 992 7 1037 ,³³
70 997 191 1049 impulerit,
209 1004 233 1035 ut
243 997 270 1035 ad
282 999 344 1048 Ptop.
355 997 373 1044 Ι,
384 999 402 1045 1,
414 998 446 1035 31.
457 1002 576 1033 annotaret:
594 996 648 1045 „Sic
664 996 742 1047 ubique
754 998 788 1035 Iu-

70 1053 131 1089 minio
148 1056 169 1087 et
184 1052 239 1088 a'e'rio
255 1047 329 1097 aurae,
348 1047 515 1086 dissentientibus
534 1048 627 1099 quamtis
642 1061 704 1099 saepe
719 1048 804 1098 tibris„

0 1098 6 1148 i
70 1112 114 1138 non
124 1116 171 1140 oros
181 1100 300 1146 scribimus,
321 1099 370 1150 quia
380 1103 435 1139 aerio
445 1115 508 1139 auras
520 1099 640 1137 Lucretium
649 1102 671 1148 Ι,
682 1102 731 1148 208,
742 1102 786 1149 801,
842 1099 843 1102 ’

70 1153 128 1193 1086,
140 1150 219 1195 dedisse
231 1156 314 1189 certum
327 1151 379 1199 est‚“
397 1164 460 1202 quarn
478 1148 644 1189 observationem
654 1164 787 1189 commemo-

0 1205 4 1253 ξ
70 1209 104 1240 rat
114 1199 201 1240 Orellius
211 1202 282 1253 Eolog.
293 1215 313 1252 p.
324 1204 353 1251 2,,
372 1210 430 1241 recte
442 1203 531 1241 addens:
553 1203 610 1251 „sed
622 1203 727 1253 differunt,
742 1204 786 1254 cpi-

0 1253 3 1300 }
70 1267 121 1303 nor,
136 1256 218 1293 laminis
233 1269 279 1293 arao
295 1254 321 1292 ab
338 1257 392 1293 aerio
406 1256 486 1294 auris.“
511 1255 570 1292 A'e'ris
587 1268 650 1293 aurae
665 1255 721 1294 enirn
734 1255 786 1293 nibil

0 1309 2 1338 ἲ
71 1304 128 1343 aliud
138 1311 210 1344 nostro
222 1304 346 1356 significent,
356 1317 418 1355 quarn
427 1310 492 1345 aerem
502 1306 631 1356 simpliciter,
638 1306 725 1344 luminis
735 1320 784 1345 orae

0 1367 1 1373 ’
71 1363 141 1395 autern
157 1369 243 1408 semper·
253 1357 280 1395 ab
295 1369 319 1394 eo
333 1364 471 1408 usurpantur,
490 1357 527 1395 ubi
539 1358 564 1395 de
580 1358 669 1396 introitu
682 1359 704 1396 in
718 1358 783 1397 vitam

70 1421 138 1445 sermo
148 1415 185 1455 est,
203 1415 228 1446 ut
237 1409 294 1446 idem
305 1409 350 1446 fere
360 1410 407 1456 sint,
421 1410 477 1460 quod
485 1409 544 1447 nobis
555 1412 592 1448 das
601 1413 664 1449 Lialrt
674 1413 709 1450 der
720 1413 782 1451 Welc.

70 1458 206 1551 {leterum'de
219 1460 260 1499 hac
274 1459 366 1501 formula
381 1463 462 1503 luminis
481 1461 603 1502 orae‘Walr.
626 1460 738 1514 disputavit
756 1462 783 1501 ad
811 1509 815 1513 ⁵

86 1538 92 1558 ‚
119 1513 150 1551 80.

121 1565 153 1603 27.
180 1565 328 1614 Memmiadae]
344 1565 375 1602 De
387 1565 485 1602 Memmio
500 1564 548 1614 ilio,
563 1565 597 1602 cui
606 1567 715 1604 Lucretius
731 1579 782 1616 opus

70 1625 130 1651 suum
145 1614 260 1665 dedicavit,
279 1617 336 1656 conf.
347 1623 431 1667 praeter
442 1630 477 1663 ea,
491 1629 544 1666 quae
556 1617 656 1666 editores,
668 1619 782 1657 Lambinus

69 1664 163 1715 inprimis
173 1673 193 1704 et
201 1667 297 1706 Gifanius
305 1667 327 1706 in
334 1668 429 1720 Prolegg.
441 1668 578 1719 disputarunt,
590 1670 686 1709 Vossium
697 1671 722 1708 de
731 1671 782 1721 poe-

59 1716 95 1769 rtis
106 1719 149 1756 Lat.
160 1731 180 1768 p.
192 1720 223 1759 15.
245 1719 334 1770 Gyraldi
346 1720 395 1759 hist.
404 1723 461 1771 poet.
472 1722 508 1758 Gr.
520 1727 540 1759 et
550 1723 595 1758 Lat.
603 1735 624 1773 p.
637 1720 681 1762 143.
695 1718 781 1762 Wetzcl.

69 1767 97 1805 ad
108 1769 148 1808 uic.
159 1772 215 1808 Brut.
229 1786 247 1810 c.
259 1774 292 1812 70.
308 1778 330 1809 et
339 1785 373 1810 me
383 1773 405 1809 in
418 1774 469 1812 Diss.
480 1786 556 1813 comm.
572 1781 616 1813 not.
630 1777 668 1822 11„
684 1774 706 1811 in
719 1787 782 1823 quam

23 1830 25 1833 ·
68 1826 152 1870 tamon,
169 1823 225 1873 quod
238 1837 338 1861 numeros
351 1825 448 1862 locorum
461 1824 593 1863 laudatorum
610 1826 694 1871 attinet‚'
712 1825 782 1876 aliqua

68 1871 118 1909 vitia
128 1873 233 1924 irrepsisse
244 1875 378 1913 vehementer
389 1875 456 1914 doleo.
485 1876 617 1925 (Legendum
625 1876 655 1914 ibi
665 1883 706 1914 est:
724 1880 780 1915 Suet.

66 1922 214 2029 ffi}11}·439.)
226 1926 304 1966 Gellius
319 1928 383 1978 XIX,
396 1929 415 1968 9.
442 1927 499 1965 ond.
514 1928 574 1967 Trist.
591 1928 624 1977 Π,
640 1926 686 1973 433.
707 1929 782 1987 Catull.

158 2005 164 2027 ‚
193 2008 196 2017 .

117 2044 206 2083 Versum
222 2046 255 2084 28.
281 2043 398 2082 Priscianus
408 2045 439 2082 bis
456 2044 537 2094 attulit,
550 2045 577 2082 ad
587 2048 630 2093 VH,
642 2046 673 2085 17.
688 2044 722 2095 (p.
735 2045 780 2086 833.

67 2090 132 2138 P.)et
141 2096 174 2140 Χ,
185 2097 203 2134 6.
217 2100 250 2147 (p.
261 2098 332 2144 iffi),
345 2110 358 2134 a
369 2097 474 2134 veteribus
486 2094 550 2148 quum
562 2097 675 2150 excellere,
688 2104 735 2135 tum
746 2110 779 2136 ex-

67 2141 143 2183 cellere
153 2146 233 2186 dietum
248 2160 290 2186 esse
302 2148 487 2187 demonstraturus.

116 2210 204 2249 Versum
214 2214 247 2252 30.
274 2214 360 2263 praete'r
375 2212 464 2250 eundern
477 2213 626 2261 erisovttt.
642 2214 777 2265 (otene.)
807 2241 812 2245 -

65 2255 137 2319 laddat
152 2263 215 2302 etiam
229 2265 324 2303 Lutatius
337 2264 363 2302 ad
379 2266 442 2302 Statii·
450 2265 515 2303 Tbeb.
526 2267 571 2314 ΠΙ,
581 2267 627 2307 295.
638 2280 677 2318 pro
688 2278 778 2305 moenera

65 2310 162 2350 exhibens
178 2320 268 2366 moenia,
290 2317 345 2367 quod
357 2316 417 2355 Wat.
427 2330 465 2367 pro
479 2321 549 2357 munia
565 2319 677 2357 dictumet
692 2317 778 2355 fortasse

65 2363 179 2410 genuinam
192 2366 307 2405 lectionem
319 2368 389 2406 habet.
415 2369 473 2407 Idem
484 2381 537 2407 vero
546 2370 608 2409 Wak.
616 2376 689 2409 contra
699 2367 777 2417 utrius-

65 2424 105 2462 que
120 2419 258 2466 grammatici
267 2420 414 2459 auctoritatem
428 2433 542 2473 omnesque
552 2421 618 2461 libros¹
627 2424 685 2470 utos,
699 2425 719 2458 et
733 2418 777 2456 sine

7 2509 14 2514 .
66 2467 212 2507 causa-idonea
221 2470 264 2522 legi
273 2472 332 2510 iubet
340 2474 418 2525 Ἑοῄεε,
432 2485 454 2513 ar
466 2479 507 2512 eto·
556 2507 558 2510 ,
771 2487 773 2491 ”
