1690 2654
102 42 135 89 H
292 44 334 94 DE
352 43 476 91 RERUM
490 44 631 88 NATURA
646 71 657 96 ρ

155 153 299 195 Inflammcsset
310 166 370 204 equus
379 157 477 194 nocturno
489 154 659 207 Graiugeuarum:

156 207 270 258 Perspicero
281 206 507 259 111,111εεί1,-111·311111
519 208 606 248 funditus
617 206 692 247 omneis

105 256 146 299 480
156 260 201 299 Nou
212 259 251 306 ita,
264 258 383 311 uncoque,
394 270 432 309 per
443 272 464 299 se
475 263 575 309 constare,
590 273 653 310 neque
663 272 715 299 osser

157 312 199 351 Nec
210 311 287 349 ratione
298 312 364 350 cluere
375 312 456 360 eadem,
470 324 509 362 qua
521 316 597 351 constat
606 312 675 352 inane:

157 363 198 402 Sed
208 362 275 414 magis
284 366 310 402 -ut
321 362 393 403 merito
405 364 467 414 possis
477 367 549 403 veventa
559 377 632 404 vocare

159 413 253 466 Corporis
263 418 323 466 atquc
332 414 384 464 loci,
397 416 461 462 resin
473 429 511 466 quo
524 428 613 466 quaeque
623 420 724 468 geranno.

174 475 175 478 ’
186 468 330 517 Corporasunt
341 470 403 518 porrov
411 467 485 518 partim
493 468 602 519 prirnordia
613 481 687 519 rorum,
734 510 735 513 Ἴ

108 514 148 564 ,485
160 520 240 560 Partim
252 519 335 559 concilio
349 532 399 570 quac
410 524 498 559 constant
507 520 654 570 principiorum.
713 539 715 543 >

161 572 211 619 Sed,
225 584 276 621 quac
290 575 335 612 suut
346 585 413 611 rerum
425 572 544 622 primordia,
557 573 613 611 nulla
623 576 687 622 potest
696 573 727 614 ris

161 624 277 674 stringen&
289 636 336 662 nam
347 624 409 663 solido
420 624 500 662 vincunt
508 636 531 662 ea
542 636 624 673 corpore
636 626 727 674 1111111119

161 676 206 715 Etsi
215 675 296 713 difficile
308 688 350 713 esse
358 675 445 723 videtur,
459 676 500 713 fors
511 676 540 713 ita
548 676 654 725 quidquam

162 729 185 767 Iu
196 727 254 768 rebus
261 727 324 765 solido
336 726 419 776 reperiri
428 739 509 775 corpore
520 739 586 775 posse:
748 774 750 777 ι

110 776 150 818 490
163 776 243 819 Transit
254 777 309 816 enirn
317 778 393 816 fulmen
402 778 452 816 coeli
462 789 497 827 per
508 782 575 828 saepta
585 776 695 829 domorum,

163 831 244 870 Clamor
256 832 278 867 ut
292 842 316 868 ac
326 842 395 877 voces3
408 830 484 869 ferrum
493 829 590 868 candescit
600 830 622 869 iu
633 832 687 883 igui3

162 880 305 931 Dissiliuntque
317 882 358 920 1111
369 881 453 920 ferventi
465 894 512 921 sono
522 894 611 933 vapore;

127 936 131 941 '
164 935 331 976 Collabctactatus
342 933 398 985 rigor
407 934 454 971 auri
463 933 547 972 solvitur
555 937 621 981 aestu;

164 986 217 1025 Tum
226 985 301 1036 glacies
310 985 373 1033 aeris,
385 985 468 1025 flamma
477 985 566 1033 devicta,
578 985 682 1035 liquescit3

112 1034 152 1077 495
165 1037 337 1078 Permauatcalor
347 1041 452 1088 argentum
463 1038 599 1086 penetraleque
610 1038 683 1089 frigus,
718 1040 722 1044 '

166 1089 250 1138 Quando
262 1092 368 1137 utrumque
377 1101 448 1137 manu,
460 1088 643 1138 retinentespocula
652 1089 696 1136 rite,
732 1124 734 1127 ,
749 1099 761 1135 j

166 1140 278 1188 Sensimus,
291 1140 356 1189 inluso
367 1141 497 1191 lympharum
503 1153 549 1179 rore
560 1153 642 1190 superne
649 1154 661 1191 :-

165 1193 233 1241 Usque
244 1194 293 1230 adeo
302 1192 323 1230 in
333 1194 392 1230 robus
402 1192 460 1230 solidi
465 1192 520 1230 'nihil
532 1204 573 1230 osso
581 1193 665 1231 ridetur.

166 1244 206 1284 Sco
214 1243 261 1293 quia
271 1256 320 1283 vera
327 1247 393 1282 tomen
401 1243 453 1291 ratio
467 1247 576 1292 unicunque
583 1256 651 1281 rerum
677 1287 678 1290 Ἴ

114 1291 154 1337 5⁰⁰
171 1296 240 1346 cogit,
253 1295 310 1342 ades,
321 1295 389 1345 paucis
400 1295 448 1334 dum
455 1295 548 1333 vversibus
555 1295 686 1345 expediamus,

166 1349 215 1387 Esse
224 1360 257 1394 ea,
272 1359 322 1396 quac
329 1347 390 1386 solido
402 1351 460 1399 atque
469 1349 547 1385 aeterno
559 1359 640 1396 corpore
650 1347 749 1394 constent3

167 1399 248 1439 Semina
257 1411 307 1448 quac
315 1411 382 1450 rerum
393 1399 540 1449 primordiaque
553 1410 595 1436 csse
604 1399 707 1437 docemus:

166 1452 224 1490 Unde
236 1450 299 1496 omnis
307 1463 374 1489 rerum
383 1463 435 1488 nuno
447 1454 521 1489 constet
528 1462 606 1488 summa
617 1453 691 1488 creato.

193 1501 303 1551 Principio,
317 1502 409 1552 quoniam
418 1503 489 1552 duplex
498 1505 569 1540 natura
577 1502 662 1541 duarum

115 1550 156 1594 505
168 1553 274 1594 Dissimilis
284 1565 352 1592 rerum
364 1555 424 1604 longe
436 1557 613 1602 constarereperta
624 1556 659 1599 est,

168 1606 271 1653 Corporis,
285 1608 344 1654 atque
354 1606 406 1651 loci,
418 1618 450 1644 res
461 1605 481 1642 in
492 1616 530 1653 quo
539 1616 629 1654 quaeque
641 1605 750 1655 genunium

168 1658 217 1696 Esse
224 1660 329 1705 utramque
338 1656 376 1694 sibi
383 1669 419 1706 por
426 1670 447 1695 se
457 1668 566 1706 puramque
576 1668 653 1694 necesse
663 1659 701 1694 est:

168 1708 221 1751 Nam
233 1720 370 1757 quaquumque
380 1712 438 1747 vacat
446 1708 540 1757 spatium,
554 1708 605 1756 quod
614 1707 672 1745 inane
682 1717 782 1754 vocamur,

170 1760 245 1808 Corpus
253 1771 277 1797 ca
288 1763 373 1797 nonest:
386 1772 425 1809 quo
433 1772 491 1808 porro
502 1772 599 1808 quomque
610 1762 662 1797 tenet
671 1771 693 1797 se
749 1760 751 1763 ’

117 1808 158 1850 510
171 1812 259 1860 Corpus,
271 1823 390 1849 caroenum
400 1823 524 1859 nequaquam
535 1810 682 1862 constat'inanc.
734 1845 738 1850 .

169 1862 220 1903 Sunt
231 1863 293 1912 igitur
303 1862 367 1901 solida
378 1875 402 1901 ac
414 1862 456 1901 sinc
465 1862 519 1900 inani
531 1874 613 1911 corpora
623 1861 695 1911 primu.
747 1871 750 1876 ·

147 1913 149 1916 ’
194 1915 312 1961 Praeterea,
325 1915 418 1964 quoniam
426 1913 497 1964 genitis
506 1914 527 1952 iu
535 1916 593 1953 rebus
601 1913 659 1951 inane
671 1914 702 1951 cst

131 1998 132 2002 ,
169 1966 275 2007 Materiem
283 1967 356 2004 circum
367 1965 450 2004 solidam
459 1969 548 2005 constare
557 1966 684 2005 necesseest:

170 2018 211 2058 Nec
222 2030 254 2056 res
263 2017 305 2055 ullo
317 2020 381 2068 potest
389 2017 519 2055 veneratione
529 2016 614 2065 probari
649 2054 651 2056 .

119 2064 160 2109 515
172 2070 258 2119 Corpore
267 2068 325 2107 inane
333 2081 369 2106 suo
376 2068 445 2106 celare
454 2072 512 2117 atque
520 2067 571 2118 intus
579 2067 660 2114 habere,

172 2120 195 2160 Si
206 2133 254 2167 uon,
264 2120 317 2171 quod
324 2119 413 2166 cohibet,
426 2119 511 2158 solidum
522 2123 610 2157 constare
618 2118 723 2170 relinquar.

171 2173 195 2211 Id
206 2185 264 2221 porro
275 2172 327 2210 nihil
335 2184 377 2210 esse
388 2174 462 2221 potest,
477 2170 515 2208 nisi
524 2171 615 2208 materiai

173 2223 293 2271 Concilium,
308 2224 361 2272 quod
369 2223 429 2262 inane
439 2226 498 2272 queat
507 2225 580 2260 tectum
591 2222 689 2264 cohibere·
737 2218 742 2227 ⁵

172 2274 266 2313 Materies
274 2275 344 2325 igitur,
357 2274 420 2314 solido
429 2286 479 2324 quae
490 2286 572 2323 corpore
581 2278 662 2321 constat,
693 2279 694 2283 ’

120 2324 160 2364 520
172 2324 309 2364 Essoaoterna
318 2330 391 2376 potest,
405 2339 465 2376 quom
476 2329 541 2364 cetera
550 2325 686 2364 dissoluantur.

199 2376 253 2414 Tum
263 2390 332 2425 porro,
346 2378 364 2416 si
371 2379 400 2416 ull
410 2382 471 2425 essct,
486 2377 538 2426 quod
547 2377 605 2415 inane
615 2377 706 2425 vacaret*

173 2427 237 2469 Omne
247 2429 298 2470 foret
307 2428 403 2473 solidum:
415 2428 454 2470 nisi
466 2433 533 2470 contra
541 2441 624 2480 corpora
632 2432 686 2469 certa
