1690 2654
232 92 273 134 io
290 84 427 131 tieuuu
443 81 603 125 serious
729 79 781 125 553,

17 166 21 197 l
60 209 134 250 tussim
152 203 213 243 Wak,
224 214 274 240 vero
291 198 378 248 (Eichst.
389 194 466 241 orell.)
478 190 571 230 exhihuit
583 202 638 231 tusce
654 203 704 230 cum
715 191 778 234 Bodl.

20 268 21 271 ’
59 258 121 296 vind.
135 253 282 308 frangiml.
291 252 339 290 Brit.
349 251 369 289 3.
381 250 438 300 Cant.
450 247 497 283 Ver.
511 245 562 303 Veri.
772 295 777 304 Ι

111 311 168 348 1189.
195 309 265 347 neraei
281 305 362 343 trabere
379 312 400 340 et
417 296 514 346 tremere]
533 303 563 334 lta
579 294 640 334 Wak.
658 302 679 334 et
693 302 778 348 sequuti

60 361 149 400 editores
160 372 206 397 cum
218 356 313 395 omuibus
324 353 388 391 libris.
404 353 453 389 Hav.
462 356 482 386 et
493 348 549 399 vulg.
558 347 617 386 editt.
625 351 682 387 nervi
692 352 777 398 trobier,

24 443 26 447 ι
60 412 155 460 tremere,
170 424 193 449 ex
204 410 275 448 Lamb.
285 405 413 454 mutatione,
432 401 469 455 qui
480 407 552 439 tamen
567 400 611 451 ipse
625 400 690 439 edidit
699 404 778 443 trobier

5 500 6 503 ,
59 468 117 505 nerui
129 475 149 501 et
158 475 246 501 tremere.

112 516 169 554 1190.
195 518 215 552 A
222 510 319 564 pedibus]
334 510 395 546 Poor.
407 507 466 543 (lant.
480 510 512 544 De
519 506 612 559 pedibus.

112 567 169 605 1191.
195 567 243 604 Non
254 559 372 610 dubitabat]
393 561 421 597 Io.
434 559 524 595 Auratus
534 558 586 595 mire
597 556 651 596 coni.
660 559 776 598 Endobz'to-

60 620 102 665 bat,
117 619 126 663 (
133 629 156 653 ex
167 618 218 654 endo
230 620 251 652 et
262 618 291 652 ito
304 610 451 661 compositum,
468 610 531 647 litera
541 612 554 649 b
563 611 661 659 inserta),
674 610 730 660 quod
740 624 777 648 vo·

24 690 28 702 a
59 669 99 707 luit
109 667 225 719 siguificare
236 666 352 718 incipiebat.
365 663 530 702 Non'doboabat
541 662 597 699 valet
609 676 665 710 „non
675 663 776 711 cessabat,

60 720 94 759 vel
103 720 215 757 audebat.“
234 716 301 766 (Conf.
313 715 399 766 quaein
410 714 515 751 addendis
525 715 550 751 ad
564 717 596 753 ΙΙΙ.
607 716 651 754 1Ξ8.
663 714 776 764 dicentur.)

111 769 168 810 1194.
196 773 218 809 in
233 785 267 808 ore
281 768 449 815 i'cceusrictum]
468 767 535 806 sicoh
547 766 610 804 Codd.
627 768 777 805 auctoritatem

60 822 118 860 loeus
126 822 178 859 mihi
191 819 346 858 constituendus
360 819 482 868 videbatur,
503 831 566 869 quem
577 825 649 856 tamen
660 819 731 869 paullo
740 819 776 856 in-

23 897 26 910 .=
60 874 158 912 solentius
174 874 275 922 scriptum
290 884 334 909 esse
348 884 392 908 non
409 883 470 922 nego.
504 870 616 916 Aunotavit
632 878 703 908 autem
721 871 777 909 hanc

59 925 174 963 lectionem
187 924 279 962 Heinsius
291 923 361 961 nescio
373 936 397 960 ex
409 935 450 973 quo
462 922 529 971 libro,
545 936 593 960 cum
605 935 646 973 qua
658 923 731 960 eadem
743 923 777 961 vi-

62 977 122 1014 detur
132 977 193 1013 Nouii
205 976 274 1024 (huuc
285 988 369 1013 versum
380 978 408 1023 ΙΙ,
421 976 465 1015 868.
476 975 596 1024 afferentis)
609 981 629 1012 et
641 976 777 1026 antiquorum

61 1028 90 1066 Pii
103 1028 165 1066 Godd.
174 1030 277 1077 scriptura
286 1031 308 1066 in
320 1043 353 1066 ore
366 1031 435 1066 locens
445 1030 499 1065 rictu
511 1027 537 1076 (i.
551 1039 569 1065 e.
581 1030 659 1075 ri'ctii);
681 1039 721 1065 nec
732 1026 777 1065 val·
830 1067 834 1072 ¹

20 1094 24 1116 '2
61 1079 87 1117 de
103 1080 203 1118 recedunt
218 1078 368 1129 qut.Ald.2.,
387 1082 460 1118 inore
474 1082 542 1117 iacens
555 1090 644 1127 rectum,
658 1079 733 1123 Poor.‚
754 1081 777 1119 in

13 1164 14 1167 ,
61 1147 95 1170 ore
111 1135 163 1170 iacet
178 1138 266 1179 rectum,
285 1131 362 1183 fragm.
374 1130 446 1176 Vind.,
461 1133 527 1169 inoret
540 1134 594 1169 iacet
605 1133 689 1177 rictum,
706 1130 776 1181 vind„

60 1186 150 1222 inhorret
160 1187 213 1222 iacet
229 1187 313 1229 rictum,
331 1182 397 1233 Lugd.
408 1184 427 1222 1.
439 1184 470 1228 2,
487 1184 577 1221 inhorret
587 1185 641 1221 iacet
650 1195 727 1222 rectum
738 1195 777 1220 ex-

60 1232 165 1280 hihentcs3
185 1235 233 1275 Brit.
249 1237 266 1274 1.
283 1234 348 1272 habet
363 1241 497 1286 Durocusque
512 1237 581 1273 borret
595 1238 668 1274 rictum
674 1250 681 1279 ,·
699 1246 777 1274 rectum

60 1297 110 1323 vero
122 1287 185 1324 etiem
197 1288 253 1325 Gant.
265 1287 372 1337 agnoscit,
393 1299 417 1322 eii
428 1298 469 1336 quo
480 1285 551 1335 Walr„
565 1298 640 1335 parum
650 1299 699 1323 sane
710 1299 776 1324 accu-

12 1345 20 1349 ”
60 1343 129 1384 ratus,
153 1339 225 1388 priora
241 1340 304 1376 verba
322 1351 365 1376 non
378 1338 446 1375 affert.
474 1337 531 1376 Bodl.
548 1340 637 1376 inhorret
654 1341 733 1386 iacent,
754 1343 776 1375 et
822 1347 826 1352 ’

60 1388 115 1426 Brix.
126 1391 172 1427 Ver.
183 1391 233 1428 Veri.
247 1394 337 1430 inhorret
346 1395 412 1440 iacet,
429 1390 492 1427 tertia
504 1401 555 1427 voce
568 1389 654 1436 omissa;
676 1402 729 1440 quae
741 1390 776 1428 la-

2 1462 4 1465 >
62 1453 115 1477 cuna
126 1440 148 1477 in
159 1442 209 1481 Brit.
218 1443 238 1481 3.
249 1442 279 1480 sic
291 1442 396 1493 expletur:
409 1445 430 1481 in
442 1457 475 1480 ore
486 1445 540 1480 iacet
549 1457 609 1488 cocu,
622 1442 644 1477 in
655 1441 699 1478 ald>
711 1444 729 1480 1.
740 1453 776 1480 ve-

18 1516 20 1534 ;
61 1504 85 1529 ro
97 1499 117 1529 et
128 1495 188 1532 Bort:
202 1496 317 1533 inhorrebat
322 1495 399 1547 facies.
419 1493 498 1539 Quibus
508 1493 570 1530 variis
580 1493 705 1530 lectionibus
717 1506 776 1531 com-

6 1567 17 1576 .
61 1543 138 1593 paratis
149 1551 211 1594 patet,
225 1546 293 1583 verbis
306 1549 372 1585 iacere
383 1552 403 1582 et
413 1549 486 1584 rictum
496 1545 537 1593 (vel
546 1547 632 1592 rectum)
643 1558 715 1584 veram
724 1558 775 1595 pro-

62 1595 97 1632 cul
111 1595 173 1634 dubio
189 1597 314 1647 scripturam
333 1597 447 1642 contineri3
467 1599 557 1636 inborret
570 1596 676 1646 liriorret)
696 1604 775 1648 autem,
826 1627 828 1629 .

15 1680 21 1690 Ἰ.
61 1646 99 1684 nisi
113 1659 136 1684 ex
150 1651 171 1687 in
188 1664 221 1688 oro
237 1656 360 1699 corruptum
374 1661 494 1695 sumamus,
512 1648 580 1699 glossa
594 1648 653 1686 verbi
662 1654 721 1687 Doro
734 1649 775 1687 lia-

61 1698 129 1736 berida
140 1700 190 1748 erit,
208 1701 273 1739 serius
284 1707 371 1752 propter
382 1700 540 1738 similitudinem
556 1713 605 1738 cum
616 1704 637 1739 in
647 1716 680 1739 ore
691 1700 712 1737 in
722 1713 776 1738 con-

6 1764 20 1803 ὀ
61 1755 140 1787 textum
152 1752 258 1789 translata.
286 1756 355 1798 Quare
368 1758 475 1802 receptam
489 1752 604 1790 lectionem
618 1752 683 1789 talem
699 1752 776 1800 iudico,

63 1800 88 1838 de
102 1814 142 1851 qua
152 1803 241 1842 editores
252 1804 338 1842 minime
350 1804 446 1842 dubitare
458 1804 587 1851 debuissent,
603 1803 695 1854 quamvis
706 1804 775 1854 primo

14 1863 15 1866 ¹
62 1851 160 1902 adspectu
170 1855 241 1905 paullo
254 1856 326 1894 durior
335 1856 436 1894 videatur.
463 1859 546 1895 Rictum
560 1855 627 1902 enim,
646 1855 774 1904 aringode-

10 1925 11 1928 =
62 1903 159 1953 rustum,
174 1919 215 1956 quo
226 1908 329 1952 vocabulo
340 1914 411 1945 noster
423 1907 488 1945 etiam
500 1909 524 1955 V,
535 1908 592 1947 1063.
604 1913 624 1944 et
633 1906 704 1944 Cicero
714 1908 774 1947 Verr.

18 1960 23 1975 ³
62 1952 132 2003 15343.
142 1964 235 2006 utuntur,
244 1966 274 1997 est
284 1960 353 1996 hiatus
363 1959 411 2006 oris,
420 1960 447 1997 oh
457 1965 537 1997 aestum
546 1959 652 1996 internum
662 1965 683 1996 et
693 1958 775 1997 dolores

24 2044 25 2048 ,
64 2008 128 2055 aperti
135 2015 155 2045 et
164 2009 256 2058 distorti3
270 2012 327 2062 quod
337 2024 401 2063 quum
409 2014 518 2064 premendo
526 2011 585 2061 quasi
596 2014 617 2049 in
628 2026 661 2049 ore
672 2023 708 2047 seu
715 2011 775 2049 vultu

10 2087 17 2093 ,
64 2059 128 2097 iacere
137 2059 219 2108 dicitur,
225 2062 257 2100 vix
268 2063 374 2101 offendere
382 2069 451 2113 potest
456 2063 611 2111 recordantem,
619 2061 668 2099 alibi
679 2064 774 2110 etiamst.

18 2129 26 2149 ¹:
64 2120 82 2145 c.
92 2112 117 2157 ll,
126 2111 170 2151 313.
182 2118 202 2150 et
211 2114 255 2154 518.
264 2145 269 2163 ,
283 2116 372 2153 verbum
383 2118 449 2154 iacere
458 2127 497 2164 pro
506 2114 596 2163 simplici
607 2127 660 2161 ess-e,
674 2114 707 2151 vel
716 2117 775 2168 posi-

19 2170 25 2208 ’χ
64 2169 106 2198 tom
116 2177 158 2201 esse
171 2172 265 2203 anostro
277 2167 378 2205 adhiberi.
406 2169 511 2213 Quantum
521 2179 571 2204 vero
587 2165 657 2202 valeat
671 2165 733 2203 huius
742 2165 775 2204 rei

24 2222 27 2225 ·
65 2216 236 2254 commemoratio
251 2218 279 2256 ad
293 2219 416 2257 foeditatem
430 2225 451 2256 et
467 2217 571 2256 tristitiam
582 2216 679 2267 imaginis
694 2231 774 2270 augen-

21 2276 27 2285 ·’
65 2259 129 2322 clam&
137 2266 170 2302 vel
182 2279 216 2305 me
225 2281 268 2308 nori
280 2277 391 2319 monente,
405 2270 492 2321 quisque
504 2270 566 2307 facile
575 2268 679 2321 iutelligit.
693 2291 717 2298 -
730 2281 774 2309 ten-

55 2313 101 2371 pto]
115 2327 144 2352 sic
157 2317 186 2355 Pii
198 2320 283 2371 quidam
293 2323 356 2361 Godd.
368 2325 422 2362 Iunt.
434 2329 455 2360 et
466 2322 510 2360 Ald.
518 2324 547 2369 2.,
568 2333 619 2372 quos
629 2321 678 2359 iude
688 2335 700 2359 a
710 2322 773 2358 Lam·

17 2399 19 2401 .
64 2361 113 2401 limo
123 2379 193 2407 omnes
202 2372 292 2412 editores
301 2375 347 2412 iure
357 2373 440 2425 sequuti
451 2381 505 2419 sunt,
517 2374 568 2411 licet
575 2373 639 2411 ceteri
648 2373 695 2424 libri
702 2384 773 2413 omnes

21 2469 23 2471 ι
66 2424 119 2453 tecto
128 2419 242 2464 exhibeant.
270 2430 335 2466 Tanta
344 2426 452 2473 enimuon
464 2426 526 2464 modo
537 2425 600 2476 louge
609 2425 718 2463 meliorem
726 2436 773 2461 sen·

65 2475 109 2503 sum
118 2472 214 2525 praehet,
228 2476 266 2516 sed
274 2478 408 2532 Hippocratis
423 2478 488 2518 ctiam
498 2478 546 2517 loco
557 2477 648 2529 quodam
658 2476 747 2524 iuratur,
759 2488 772 2514 a

94 2537 208 2573 teotarius.
561 2534 617 2575 Aet
