1690 2654
309 52 415 98 LIBER
431 46 477 97 a?
689 55 738 104 141

88 167 184 208 Exercent
195 165 299 207 hominum
310 166 379 216 vitam,
389 165 481 217 belloque
493 164 588 219 fatigant:

107 233 133 258 uo
145 220 210 270 magis
222 219 243 258 in
254 219 317 267 uobis,
330 223 354 269 ut
366 219 442 269 opinor,
454 220 512 268 culpa
523 218 602 259 resedit.

86 221 162 362 {rigps
174 271 226 310 enim
238 272 300 360 pudes
312 270 589 360 siirlrelpelippbnspncruciabat
661 292 663 297 2
684 266 739 311 1425

106 337 144 361 ern
161 334 242 361 erasa
262 335 324 361 nosn
360 334 384 360 ae
425 333 560 362 vesecarere
632 339 634 343 ·

86 336 190 423 Purpdrea
202 351 261 421 aitque
273 385 322 413 auro
334 373 435 422 signisque
446 371 556 421 rigentibus
568 374 627 421 apta3

86 425 139 463 uum
151 424 231 474 plebeia
243 426 310 462 tamen
322 423 354 471 sit,
367 435 419 473 quae
431 423 534 461 defendere
546 423 613 473 possit.

85 476 142 526 Ergo
154 474 259 514 hominum
270 488 332 526 genus
343 475 442 514 incassum
453 475 567 525 frustraque
578 475 657 516 laborat

87 526 178 575 Semper,
191 530 211 565 et
223 526 244 564 in
256 527 309 565 curis
317 527 419 565 consumit
430 526 521 565 inanibus
534 537 619 573 aevom3
683 525 738 569 1130

84 576 192 626 Nimirum,
205 578 303 628 quianon
315 578 416 629 cognovit,
429 590 481 629 quae
492 577 518 617 sit
528 577 614 618 habendi

87 629 150 677 Finis,
162 632 182 668 et
194 629 274 668 omnino
286 631 353 679 quoad
365 634 441 669 crescat
451 642 501 669 vera
511 631 614 680 voluptas:

39 679 45 683 ’
85 680 147 730 quue
158 680 271 719 minutatim
282 680 346 719 vitam
356 682 449 730 provexit
460 681 481 719 in
493 682 565 731 altum,

83 731 110 773 ut
121 732 170 771 belli
181 741 264 783 magnos
277 733 384 772 commovit
395 727 483 772 funditus
495 736 568 779 aestus.

110 783 137 823 at
148 783 221 835 vigiles
233 784 302 823 mundi
313 796 409 835 magnum
421 788 442 823 et
453 784 548 824 versatile
559 782 657 838 templum
682 782 737 826 1435

83 833 121 874 Sol
133 837 152 873 et
163 837 259 875 lunasno
270 837 375 875 lustrantes
388 836 464 874 lumine
477 836 553 874 circum

77 886 207 926 'Perdocuere
218 887 315 935 homines,
331 886 428 927 annornm
440 890 531 937 tempora
541 888 601 938 vorti,

82 938 109 978 Et
122 942 176 978 certa
187 935 265 978 ratione
277 940 322 990 geri
333 951 376 977 rem
388 942 448 988 atque
460 939 528 978 ordine
540 942 602 979 certo.
661 943 664 948 '

109 990 152 1028 Iam
163 989 235 1028 validis
248 990 322 1039 saeptei
334 990 433 1040 degebant
444 992 532 1031 turribus
544 1003 622 1041 aevom,

81 1039 108 1081 Et
120 1040 186 1080 divisa
198 1041 301 1090 colebatur
312 1041 435 1091 discretaque
449 1042 536 1094 tellus.¹
644 1090 647 1094 .
681 1039 736 1082 144⁰

108 1092 162 1131 Tum
174 1101 231 1130 mare
241 1092 334 1131 velivolis
345 1093 430 1132 florebat
441 1097 521 1143 propter
533 1094 612 1133 odores:

80 1141 194 1182 Auxilia-:et
205 1142 275 1191 socios,
288 1143 330 1183 iam
341 1148 400 1195 pacto
411 1145 497 1195 foedere,
511 1146 624 1187 habebant:

81 1193 207 1233 Carminibus
219 1207 279 1245 quom
291 1208 323 1235 res
335 1197 401 1247 gestas
414 1193 495 1247 edepere
507 1200 579 1248 poetae

80 1244 182 1293 Tradere,
196 1258 232 1285 nec
245 1248 308 1285 multo
320 1248 372 1298 priu’
384 1252 430 1287 sunt
441 1250 537 1287 clementa
551 1253 637 1300 reperta.
697 1285 700 1290 ,

80 1297 196 1347 Propterea,
209 1298 257 1347 quid
269 1299 294 1338 sit
306 1299 360 1348 prius
373 1303 446 1343 actum,
456 1301 554 1350 respicere
568 1307 622 1342 aetas
679 1299 733 1343 1445

79 1347 153 1389 Nostra
164 1351 238 1399 nequit,
250 1350 289 1390 nisi
301 1363 341 1399 qua
354 1350 406 1390 ratio
417 1348 503 1400 vestigia
516 1357 619 1397 monstmt,

105 1400 199 1452 Navigia,
212 1405 272 1451 atque
284 1401 330 1452 agri
342 1401 436 1448 culturas,
449 1399 535 1447 moenia,
547 1400 610 1450 leges,

79 1451 148 1498 Arma,
161 1453 211 1501 vias,
224 1453 302 1499 vesteis,
317 1456 337 1492 et
348 1457 414 1491 cetera
427 1453 451 1490 de
464 1464 536 1502 genere
547 1452 629 1499 horum,

79 1503 179 1552 Praemia,
192 1504 273 1543 delicias
285 1517 364 1554 quoqne
375 1504 429 1543 vitae
441 1503 528 1542 funditus
542 1504 624 1553 omneis,
665 1516 675 1523 “·

81 1554 181 1604 Carmina,
194 1556 281 1606 pietiuas
294 1568 318 1592 ac
330 1556 414 1595 daedala
425 1556 484 1604 signa
495 1554 575 1605 politus,
680 1554 733 1597 145⁰

79 1608 132 1647 Usus
146 1612 167 1646 ct
178 1607 277 1658 impigrae
289 1605 349 1644 simul
361 1604 480 1655 experientia
491 1607 564 1645 mentis

79 1659 189 1702 Paullatim
204 1658 271 1698 docuit
282 1658 401 1708 pedetentim
415 1658 578 1708 progredienteis.

101 1711 141 1762 ,stc
153 1709 310 1761 unumquidquid
321 1709 428 1760 paullatim
440 1709 538 1760 protrahit
550 1713 604 1752 aetas

80 1763 103 1803 ln
115 1762 209 1810 medinm,
221 1762 314 1811 ratioque
326 1762 347 1800 in
360 1762 440 1800 luminis
453 1762 513 1813 erigit
525 1774 576 1802 oras.

78 1814 175 1864 Namque
183 1815 225 1854 alid
238 1827 261 1853 ex
274 1814 314 1853 alio
328 1815 440 1866 clarescere
449 1815 507 1852 corde
519 1814 609 1855 videmus
679 1813 732 1856 1455

81 1866 168 1918 Artibus,
179 1867 206 1910 ad
213 1879 317 1912 ‘summum
328 1867 390 1908 donee
401 1878 473 1907 venere
485 1864 586 1908 cacumen.
