1690 2654
241 43 282 86 AD
298 43 433 86 LIBRUM
448 42 602 91 PRIMUM,
730 37 778 85 223

17 187 23 194 „
64 153 98 202 do,
109 159 130 193 et
138 153 184 192 illas
192 153 312 207 negligenti,
327 154 371 207 quis
379 156 444 194 fidem
454 154 560 203 habeatl)
575 155 672 193 Ceterum
684 151 707 190 in
718 149 777 190 editt.

63 206 108 243 ald.
120 208 138 245 1.
149 213 169 244 et
177 209 226 245 Bon.
236 221 255 245 v.
266 208 323 247 1621.
335 214 357 245 et
366 209 422 247 1022.
434 213 604 257 transponuntur,
616 213 636 244 et
644 206 680 244 hic
692 204 779 257 quidem

63 258 139 308 vocula
151 275 187 307 nec
199 258 284 309 incipit,
296 259 475 309 quemadmodum
490 258 552 296 etiam
568 258 591 296 in
604 257 655 297 Cod.
666 258 718 296 Brit.
727 257 746 296 2.
757 255 778 295 3»
805 255 816 260 ’

64 316 86 348 et
97 310 154 348 editt.
165 312 220 348 Iunt.
236 310 281 350 Ald.
294 313 313 350 2.
329 312 401 348 Lamh.
413 310 500 349 Greech.
511 312 574 353 nan,
588 323 652 360 quam
666 312 778 361 vulgarem

62 361 188 408 lectionem,
202 375 215 398 a
223 361 284 399 Wak.
296 374 307 398 e
319 361 367 399 solis
380 361 446 400 Codd.
455 361 521 412 Lugd.
533 363 551 400 1.
561 363 580 400 2.
595 362 618 398 in
629 366 657 400 Et
666 366 777 408 mutatam,

62 410 94 458 *oh
97 411 236 463 plurimorum
243 412 347 451 librorum
355 413 505 450 auctoritatem
512 412 645 450 retinendam
656 412 711 460 duxi,
721 411 778 459 licet,

63 465 139 503 vocula
151 479 216 516 neque
230 464 273 500 iam
286 478 305 502 v.
323 466 379 504 1020.
394 476 527 516 praegressa,
552 476 586 502 res
606 464 684 502 eodem·
698 462 777 510 redeat,
805 496 813 504 ,

63 524 136 554 utrum
146 527 167 553 et
178 528 205 551 an
220 530 284 568 neque
297 515 361 566 leges.
386 518 389 524 ⁴
434 518 436 523 ’

72 566 76 569 ’
117 565 175 606 1024,
201 567 284 603 Retinui
300 567 395 605 omnium
409 567 474 605 Codd.
492 573 514 604 ct
527 571 577 605 vett.
592 566 649 605 editt.
665 565 779 604 lectionem

60 618 170 665 'vexantem
185 630 248 669 quam
259 618 330 667 Walr„v
341 619 367 656 ab
376 618 521 666 Eichstaedtio,
535 618 592 668 quod
603 619 674 666 miror,
688 630 732 655 non
743 618 780 654 de-
818 637 821 639 ·

64 675 141 717 sertus,
155 682 179 708 ex
190 682 232 707 una
242 665 290 710 edit.
299 672 374 708 Veron.
391 670 416 719 (a
428 670 524 708 Gerardo
541 669 576 707 hie
593 671 656 708 etiam
668 668 780 721 neglecta)

61 720 203 761 innexontur
216 719 310 759 mutavit.
330 723 458 771 Comparans
477 728 548 758 autem
564 722 588 770 Ι,
606 720 650 761 584,
667 727 688 758 et
702 720 784 758 similes,

61 772 123 820 iocos
140 773 176 820 (ut
187 773 204 817 I,
210 774 260 812 276.
272 774 317 812 280.
326 774 350 818 V,
362 775 407 812 218.
419 774 460 820 vl,
471 771 529 820 430.)
543 778 564 809 et
577 772 721 819 considerans,
740 783 780 809 no-
809 778 811 781 ’

39 862 41 864 ,
65 824 145 862 tionem
154 824 242 862 nexandi
250 824 292 861 iam
303 825 367 862 verbo
379 831 449 862 coetus
460 824 482 861 in
491 837 551 861 versu
561 837 605 874 seq.
615 824 725 870 contineri,
734 834 780 872 pa·

65 887 114 913 rum
124 876 188 923 abest,
195 875 244 926 quin
250 875 303 913 iliud
310 887 410 915 nexuntur
418 889 461 913 non
471 875 510 912 nisi
519 875 595 913 vitium
603 875 781 926 typographicum

65 925 166 975 habeam,
180 927 255 977 quibus
265 927 378 965 editionem
387 928 445 964 illam
454 927 614 971 reiertissimam
623 926 699 966 inveni.
729 955 731 962 ,

118 980 175 1018 1027.
205 979 314 1029 Qualibus]
330 978 387 1016 editt.
395 981 443 1017 Ver.
454 980 505 1016 Ven.
518 981 613 1030 qualibet.
624 997 649 1007 -
664 977 736 1027 rebus]
750 976 781 1015 sie

60 1041 139 1068 ‚omues
152 1029 202 1067 libri
216 1031 264 1070 Mss.
276 1037 297 1067 et
314 1030 410 1079 impressi
425 1036 508 1078 praeter
525 1029 574 1070 edit.
591 1029 664 1076 Wak,
684 1029 720 1080 qui
736 1040 781 1067 non

66 1077 116 1119 satis
130 1080 260 1119 considerate
272 1081 334 1118 Fabri
349 1081 600 1119 emendationemrerum
621 1080 642 1117 in
659 1087 782 1118 contextum

62 1132 147 1182 ,recepit
160 1145 221 1181 „non
236 1132 292 1183 quod
307 1148 385 1171 summu
400 1134 459 1171 rebus
472 1131 496 1169 in
507 1131 691 1182 reprehensionem
706 1132 782 1171 debeat

66 1195 136 1233 perse
148 1182 233 1231 cadere,
247 1182 346 1233 sed'quia
359 1184 389 1221 sic
400 1183 491 1234 positum
503 1196 551 1221 cum
562 1185 659 1234 Qualibus
671 1183 694 1220 in
707 1190 782 1222 notam

60 1236 162 1282 ‚incurrat
176 1234 317 1286 ambiguitatis
331 1234 497 1283 infelicissimae,
519 1234 637 1273 aEucretio
654 1247 692 1286 per
704 1248 782 1274 omnen

62 1285 198 1332 machinam,
217 1298 258 1335 qua
273 1287 333 1323 nobis
347 1286 379 1323 uti
393 1286 467 1335 liceat„
485 1286 641 1324 amoliendae.“
667 1288 714 1324 Imo
728 1286 782 1324 mihi

61 1337 154 1390 ,quidem
169 1337 242 1388 utique
257 1337 407 1390 coniungenda.
417 1338 514 1375 videntur
526 1338 589 1376 verba
608 1339 702 1390 qualibus
715 1340 781 1385 rebus,

67 1396 92 1429 ut
104 1401 174 1427 sensus
185 1402 223 1439 per
232 1389 378 1427 attractionem
389 1389 493 1439 quandam
503 1389 537 1427 vel
549 1388 738 1439 breviloquentiam
751 1389 782 1428 sic

60 1440 181 1491 ‚capiendus
194 1441 231 1478 sit:
250 1441 273 1478 in
287 1440 339 1478 tales
351 1441 495 1491 disposituras,
514 1453 610 1491 quaeres
623 1440 716 1479 efficiant
726 1440 781 1490 illas,

61 1493 143 1545 -quihus
154 1492 207 1530 haec
217 1505 299 1531 summa
312 1500 381 1531 creata
397 1493 507 1539 consistat,
528 1499 549 1530 et
563 1505 691 1544 quamquam
708 1505 783 1531 verum

60 1550 111 1591 est,
119 1544 240 1582 Lucretium
250 1544 368 1595 saepissime
378 1545 410 1581 uti
420 1544 512 1586 formula
523 1559 601 1584 summo
615 1559 692 1593 rerum,
709 1550 783 1582 tamen

60 1595 204 1634 :haud-*rarius
216 1596 279 1633 etiam
287 1612 384 1635 summam
395 1595 517 1644 {impliciter
528 1596 688 1633 commemorat.
708 1595 781 1638 (Conf.

61 1647 171 1686 statimv.
184 1645 241 1687 1041.
254 1654 274 1685 et
286 1646 369 1687 10411.
381 1649 425 1687 962.
438 1648 465 1696 Π,
473 1648 505 1687 70.
517 1648 549 1687 90,
560 1647 609 1696 etc.)
628 1649 697 1694 Quare
707 1647 783 1688 Eichst.

60 1719 62 1722 ·
70 1704 129 1737 recte
136 1699 247 1750 'vulgarem
257 1699 365 1738 retinuisse
374 1711 455 1737 censeo.

122 1752 181 1793 1029.
192 1752 273 1800 motus]
293 1751 352 1790 Wak.
367 1763 406 1802 per
416 1750 471 1792 coni.
482 1762 525 1789 non
535 1750 672 1790 necessariam
682 1749 784 1802 proponit

71 1813 146 1842 coetus.

123 1855 179 1893 1030.
206 1851 287 1892 auidum
296 1869 352 1892 mare
363 1853 424 1892 Wak.
433 1866 471 1902 per
480 1855 561 1892 vastum
573 1852 668 1903 explicat.
694 1851 784 1892 Atlicet

71 1915 145 1949 verum
161 1904 338 1963 summentium
351 1904 373 1942 in
387 1904 466 1943 duobus
479 1904 523 1942 aliis
535 1904 588 1941 locis
604 1904 645 1954 (II,
656 1905 714 1944 1056.
726 1911 748 1942 et
758 1905 783 1954 V,

71 1957 133 2005 202.)
143 1961 185 2006 per
198 1956 356 2006 metaphoram,
368 1955 417 2006 ipsi,
434 1963 458 1993 ut
469 1956 564 2002 videtur,
577 1956 685 2004 propriam
702 1959 785 1995 avidum

63 2018 150 2055 ponere
159 2020 198 2057 pro
213 2023 300 2060 magno,
310 2011 411 2060 spetioso,
423 2010 506 2059 capaci,
524 2006 580 2044 haud
590 2006 653 2045 dubie
664 2007 721 2058 quod
730 2006 785 2045 avidi

73 2055 138 2096 etiam
150 2058 248 2110 avarique
260 2058 422 2110 quamplurima
434 2065 454 2096 et
467 2056 559 2096 maxima
572 2065 670 2109 appetere
685 2058 719 2096 vel
733 2058 785 2097 arri·

72 2119 122 2157 pere
134 2110 213 2157 solent,
222 2133 224 2136 <
232 2110 267 2148 hie
283 2118 364 2162 tamen,
378 2116 402 2147 ut
413 2109 469 2160 apud
486 2112 535 2147 Hor.
548 2109 586 2147 od.
597 2112 613 2156 Ι,
623 2113 656 2160 28,
668 2112 707 2159 18,
722 2122 786 2162 quem

60 2187 62 2191 .
72 2160 147 2196 locum
154 2161 242 2199 editores
254 2158 332 2213 fugisse
342 2162 418 2211 miror,
432 2161 526 2211 quamvis
537 2161 560 2198 in
571 2174 596 2198 eo
606 2161 731 2199 delectione
741 2165 786 2201 aui-

62 2254 64 2258 ,
74 2212 121 2249 dum
130 2227 184 2249 mare
193 2212 226 2250 vix
237 2213 374 2252 dubitandum
383 2212 415 2261 sit,
427 2218 526 2251 consueta
534 2212 591 2251 vocis
601 2212 725 2265 significatio
734 2211 787 2264 mihi

73 2261 136 2312 longe
156 2262 307 2313 elegantiorem
326 2277 408 2303 sensum
425 2264 510 2303 efficere
528 2263 610 2302 videtur
629 2265 697 2303 hunc:
721 2276 785 2313 mare,

61 2345 63 2349 ,
75 2324 146 2349 omnes
156 2313 211 2350 orbis
219 2320 324 2354 terrerum
333 2317 398 2353 undas
408 2316 481 2365 cupide
497 2316 610 2365 arripiens,
626 2329 698 2354 omncs
711 2315 786 2353 fluvios

19 2370 24 2374 '
75 2363 171 2409 ebibens3
191 2368 357 2413 quaternehel.
373 2367 487 2405 rectissime
502 2367 586 2404 vertisse
595 2374 657 2418 puto:
677 2369 713 2406 dos
727 2382 787 2406 uuer-

75 2416 170 2455 sc'ittlicbe
177 2418 243 2456 Meer.
271 2418 371 2470 Ceterum
380 2419 454 2470 Bentl.‚
466 2418 573 2458 offendens
584 2418 606 2457 in
617 2418 685 2458 verbis
698 2431 786 2469 „amnes
