1690 2654
92 63 139 109 474
310 58 593 105 ANNOTATIONES

95 172 160 212 edidit
173 174 283 211 Ventorum
292 173 381 210 excierat
386 182 482 224 pacator,
498 171 523 222 [i.
535 184 552 211 e.
559 203 565 221 ,
573 173 590 211 s'i
601 170 639 210 diis
648 171 725 223 placet,
737 168 812 221 Epicu·

94 225 143 276 rus]
157 235 178 263 et
187 226 255 263 omnio
264 238 351 270 rursum,
366 228 423 274 Quae
425 223 530 274 furerent,
545 237 593 265 sunt
600 226 629 279 pl.
642 241 659 264 c.
665 222 755 275 fauore(
763 223 813 269 Qui·

93 278 132 316 bus
146 275 272 315 coniecturis
283 287 310 312 an
320 287 380 314 meae
392 275 544 327 praeferendae
555 277 607 325 sint,
628 276 670 315 hoc
682 287 746 325 penes
757 275 813 312 viros

94 329 167 367 doctos
176 327 202 366 sit
212 326 332 368 decernere.
358 328 406 367 Hoc
415 333 500 372 tantum
511 329 574 378 addo,
587 341 671 368 sensum
682 326 813 366 hauddubie

93 394 149 420 esse:
162 381 253 432 Pergam
264 380 290 418 de
300 392 372 418 rerum
382 387 549 430 naturaeanere,
565 382 614 433 quia
623 380 689 419 semel
701 380 778 430 incepi,
793 384 814 417 et

92 446 126 472 res
140 432 336 481 favorexlectorum
351 432 404 471 bene
417 433 530 483 processit,
549 433 695 485 metaphoram
710 444 760 471 vero
774 431 815 477 du·-

94 492 151 525 etam
162 485 228 525 videri
240 498 253 523 a
264 498 327 524 cursu
341 485 431 537 equestri
446 485 468 524 in
479 486 620 536 Circensibus,
638 486 667 525 ita
675 492 700 524 ut
710 484 736 523 de
745 487 813 524 ventis

94 545 115 577 et
125 550 231 579 ventorum
239 540 346 592 ploratore
356 539 442 576 omnino
453 551 522 577 sermo
533 552 576 578 esse
589 544 686 590 nequeat.
709 541 813 579 Vectorem

92 603 143 630 vero
156 603 168 629 a
181 594 302 639 Ventorum,
317 592 422 630 est-hircant
437 591 482 640 (vel
492 592 593 642 exirtont)
607 591 634 629 ab
650 593 759 630 exhortent
768 601 813 626 11011

93 643 184 682 nimium
198 643 323 692 discrepant,
339 647 360 680 et
372 648 453 680 veteres
465 641 528 681 etiam
538 646 627 691 hortare,
635 643 749 682 ‘exterrere
760 641 813 680 acti·

92 709 120 734 va
129 697 199 734 forma
209 695 294 744 dixisse,
307 706 340 731 res
351 700 381 731 est
390 694 499 732 notissima
513 695 583 742 (conf.
597 694 682 733 Gesneri
695 701 716 733 et
725 692 813 732 Forcel-

92 748 131 786 lini
144 748 219 786 Lexica
228 759 245 788 s.
257 760 276 784 v.
295 747 374 783 Hortor
385 752 406 784 et
415 746 571 796 Exhortatus.);
591 746 682 798 denique
693 748 812 800 plaudendo

94 812 117 840 ut
132 812 172 850 pro
184 802 293 853 placentur
306 803 364 836 certe
380 811 424 836 non
434 798 535 837 audacior
550 805 581 836 est
595 800 729 847 coniectura,
749 808 813 849 quam

92 853 173 890 multae
190 864 203 889 a
211 850 342 889 Wakefieldo
354 849 441 903 aliisque
455 851 504 889 viris
518 850 661 889 celeberrimis
675 851 753 901 passim
762 863 814 900 pro-

93 905 156 944 latae.
184 905 283 942 Ceterum
294 902 331 940 hos
342 915 411 941 versus
423 902 535 955 aliquando
545 903 634 941 fortasse
645 916 693 941 curn
705 916 737 943 vv.
750 903 774 941 91
787 922 814 930 -ψ

93 954 126 998 94.
138 955 264 1003 cohaesisse,
279 960 299 993 et
313 955 335 993 in
346 955 405 993 omni
415 954 476 994 huius
487 955 537 994 libri
553 955 637 994 exordio
654 955 755 994 maximas
769 959 814 991 tur·

93 1010 130 1049 bas
141 1007 241 1047 excitatas
251 1019 308 1055 esse,
324 1007 347 1045 in
355 1008 406 1047 Diss.
415 1020 464 1048 mea
479 1007 504 1046 de
515 1009 578 1047 Luor.
589 1022 610 1060 p.
621 1010 653 1049 68.
663 1020 689 1047 ss.
704 1005 814 1046 ostendere

93 1059 170 1101 studui.

146 1114 178 1153 52.
204 1109 317 1163 Efficiam]
337 1110 367 1149 sic
378 1118 459 1152 vetuste
469 1111 502 1151 Pii
512 1111 651 1162 exemplaria,
668 1114 724 1151 lunt.
737 1115 760 1148 et
769 1108 815 1150 ild.

95 1166 125 1213 2..
147 1176 258 1216 quoscum
272 1162 329 1214 vulg.
345 1162 414 1213 editt,
433 1164 510 1202 Eichst.
521 1170 542 1202 et
554 1163 631 1202 Orellio
644 1170 744 1216 sequutus
760 1174 814 1201 sum.

94 1215 156 1257 Wah.
176 1215 316 1266 plurimorum
331 1214 435 1254 librorum
452 1216 567 1254 lectionem
587 1216 669 1266 recepit
683 1221 712 1255 Et
724 1215 815 1262 faciunt,

96 1280 161 1320 quarn
171 1274 242 1305 tamen
254 1273 275 1304 et
284 1267 329 1315 ipse
340 1273 409 1305 ortam
421 1274 494 1306 conset
502 1267 655 1318 expantiquiore
665 1266 816 1319 orthographia

95 1320 219 1372 Eefocz'unr,
233 1317 284 1356 licet
290 1319 412 1365 Lactantius
426 1332 509 1371 quoque
519 1320 548 1358 sic
560 1320 667 1369 exhibeat,
683 1319 718 1371 qui
728 1322 778 1358 Inst.
789 1320 814 1365 Il,

96 1374 116 1414 8.
133 1379 154 1411 et
165 1371 219 1422 Epit.
229 1371 281 1409 Inst.
293 1382 312 1409 c.
324 1370 357 1410 25.
371 1370 429 1409 hunc
442 1384 526 1427 versum
542 1378 562 1410 et
577 1378 699 1424 sequentem
712 1369 815 1422 usquead

31 1474 33 1476 Ι
97 1436 172 1464 vocem
182 1435 257 1463 terram
266 1420 345 1461 laudat.

147 1476 180 1517 53.
211 1479 358 1527 Depressosque
369 1475 478 1527 premunt]
495 1477 572 1513 Amare
581 1474 715 1523 Lucretium,
735 1474 762 1512 ad
771 1473 815 1512 vim

95 1527 210 1566 sententiae
219 1525 344 1577 augendam,
354 1538 416 1564 voces
426 1525 520 1565 eiusdem
530 1526 685 1577 significationis
697 1533 720 1564 et
730 1526 815 1577 originis

95 1579 290 1672 {3}{⁰⁰g{²2i1'1„·i³m
305 1577 395 1634 vidimus
408 1578 435 1616 ad
446 1583 465 1624 Ι,
481 1576 526 1619 814.
540 1580 585 1619 969.
604 1579 635 1627 II,
648 1581 705 1620 1060.
718 1580 757 1628 IV,
768 1579 813 1619 311.

149 1684 181 1723 55.
207 1698 290 1734 regnum
295 1681 308 1731 ],
317 1681 366 1721 Brit.
377 1682 397 1722 2.
404 1683 477 1734 regni,-
496 1680 559 1733 vulgo
568 1697 652 1770 reprom
663 1692 694 1731 et,
709 1681 745 1720 sed
755 1681 815 1720 Wak.

96 1734 281 1787 copulam,contra
289 1733 393 1770 librorum
404 1732 552 1771 auctoritatem
560 1733 586 1770 ad
602 1734 726 1779 itam‚recte
737 1734 814 1774 omisit.

148 1787 193 1823 Vss.
204 1787 269 1826 56..et
278 1785 311 1825 57.
329 1785 373 1822 iam
382 1783 470 1836 legimus
480 1788 499 1833 Ι,
511 1781 556 1824 154.
568 1786 623 1833 155„
638 1785 745 1837 iidemque
758 1786 815 1824 infra

94 1837 184 1876 redeunt
194 1851 212 1877 v.
224 1838 256 1877 90.
269 1838 314 1885 91.;
335 1848 400 1889 quare
411 1836 515 1875 Bentleius
527 1844 608 1886 censet,
623 1849 648 1875 ex
659 1836 758 1876 inferiori
776 1838 814 1876 illo

94 1889 143 1929 loco
155 1896 229 1928 contra
240 1888 334 1927 auctoris
351 1887 482 1926 voluntatem
493 1888 537 1926 huc
548 1889 659 1927 translatos
673 1901 728 1936 esse;
749 1889 782 1928 cui
791 1890 815 1927 in

94 1942 150 1980 Diss.
161 1954 209 1979 mea
220 1954 241 1991 p.
252 1942 284 1980 52.
297 1953 314 1980 s.
327 1951 420 1978 assensus
432 1953 488 1988 sum,
501 1940 538 1978 ubi
550 1940 613 1979 simul
623 1953 693 1979 versus
704 1947 814 1992 sequentes

95 1994 122 2033 58
132 2015 158 2022 -ν
169 1994 200 2034 67.
213 1992 283 2031 elibri
292 1992 317 2033 V.
328 2004 359 2029 vv.
369 1992 394 2031 88
407 2013 430 2021 ·-
440 1993 473 2031 91.
482 1992 508 2029 ab
520 1991 567 2039 alia,
582 2005 645 2043 quam
657 1994 756 2041 Lucretii,
770 2007 814 2033 ma-

95 2057 124 2082 nu
136 2045 193 2083 male
203 2044 238 2082 hic
251 2041 428 2094 repetitosstatui.
442 2065 469 2072 -
482 2043 574 2083 ocWah.
585 2045 692 2083 revocavit
705 2057 729 2083 ex
741 2046 814 2083 omni-

95 2096 134 2134 hus
145 2096 204 2134 libris
212 2096 300 2146 scriptis,
312 2095 436 2146 quibuscum
445 2096 577 2133 consentiunt
587 2097 644 2136 Iunt.
657 2096 703 2136 nid.
714 2099 746 2145 23
764 2098 815 2136 reli·

96 2160 150 2199 quae
164 2149 222 2188 editt.
233 2154 284 2187 vett.
293 2149 344 2190 hez-s,⁴
356 2147 419 2198 vulgo
431 2148 487 2193 liaeo,
502 2152 576 2184 contra
585 2147 658 2188 libros.

149 2202 181 2239 61.
207 2199 284 2252 supro]
299 2198 329 2236 sic
339 2198 399 2237 Wak.
409 2198 499 2236 restituit
513 2211 524 2235 e
534 2200 594 2237 Poor.
607 2200 655 2240 Brit.
667 2200 687 2240 1.
696 2201 715 2239 2.
725 2202 744 2241 3.
756 2202 813 2249 Veia,

98 2250 172 2300 quibus
190 2251 243 2289 adde
254 2252 307 2289 Ven.
318 2254 373 2288 [unt.
384 2248 429 2287 uid.
440 2251 472 2296 2.;
489 2249 552 2301 vulgo
568 2266 653 2303 supero,
667 2258 691 2289 ut
705 2252 764 2291 Vind.
778 2253 813 2301 (2)

96 2304 150 2341 Erix.
161 2302 205 2342 Ald.
213 2304 231 2343 1.
242 2305 305 2349 Bon.;
315 2301 381 2353 Lugd.
394 2303 411 2341 1.
422 2302 442 2341 2.
453 2317 514 2353 super
524 2304 558 2347 od,
572 2302 630 2341 seda
642 2304 734 2342 secunda
743 2316 814 2343 manu.

150 2356 182 2394 64.
210 2353 299 2403 miserei]
319 2354 349 2399 sic¹
366 2352 453 2403 plurimi
469 2353 529 2401 libri,
554 2366 668 2403 quoscum
684 2355 740 2393 editt.
756 2356 813 2408 vulg.

95 2407 173 2445 Eiehst.
184 2413 205 2443 et
216 2405 292 2442 Orellio
303 2405 419 2443 audiendos
428 2405 486 2454 duxi,
497 2406 546 2455 quia
555 2404 577 2442 hi
586 2418 656 2443 versus
666 2406 693 2444 ad
704 2407 792 2445 verbum
802 2419 813 2444 e

95 2458 239 2511 superioribus
249 2456 347 2508 descripti
355 2456 458 2498 videntur.
485 2456 545 2498 Wah.
555 2469 566 2494 e
577 2458 642 2509 Lugd.
654 2460 674 2498 2.
684 2462 741 2500 Cant.
752 2459 812 2498 Vind.
