1690 2654
75 62 124 111 524
295 63 592 106 ANNOTATIONES·

74 181 118 213 tem
128 175 249 225 Anonymus
260 173 282 212 in
292 174 388 226 margine
400 174 448 213 God.
459 176 553 213 Momm:
575 177 695 225 Concidere,
710 186 732 214 ut
741 191 793 228 spu-

75 243 119 266 mos
135 232 171 280 qui
182 230 262 266 morbos
279 227 359 275 (voluit
372 227 428 264 haud
445 227 507 265 dubie
518 227 600 277 morbo)
617 231 698 267 mittere
713 231 792 273 suerum
824 244 830 265 r

74 281 183 317 Turnebus
192 279 207 317 l.
214 293 243 319 c.:
261 282 369 319 Concidere
379 291 402 318 ut
407 280 480 331 fumos
492 283 527 332 qui
536 281 614 319 morbos
623 283 703 320 mittere
712 283 792 326 suevit3

73 332 180 378 Lamum„
200 332 236 382 qui
247 338 318 369 tamen
333 343 416 369 versum
428 337 501 381 utpote
516 331 612 382 spurium
623 331 689 369 deleri
705 330 792 382 mavult,

125 388 178 433 Quin
190 386 284 435 gravidis
296 386 330 423 lu'c
342 386 402 423 nidor

74 434 108 472 vei
123 440 175 485 Quin
189 439 249 474 nidor
262 438 355 488 gravidis
368 438 401 474 liic

75 487 155 525 eitam:
174 491 268 527 Deiioere
278 499 300 526 ut
308 490 378 540 priuos
386 492 422 539 qui
433 489 511 526 morbus
521 502 581 540 saepe
592 490 671 533 sue'oit,
689 499 751 538 quam
763 486 794 523 le-

74 539 174 588 ctionem,
187 544 257 592 priuos
271 540 335 577 modo
345 540 367 576 in
376 555 453 591 pronos,
460 545 548 588 mutato,
563 540 647 579 Greech.
657 546 678 576 et
687 545 734 589 post
744 551 793 575 eum

73 592 125 629 HaV.
135 591 228 639 recepit,
248 592 327 629 Faber:
345 594 435 637 Nidore,
449 602 471 640 ut
483 607 563 630 somnos
573 594 608 643 qui
618 593 698 631 morbus
712 594 793 629 mittere

74 646 152 689 suerin
174 645 223 681 Hav.
241 643 330 693 denique
343 643 393 680 satis
407 643 471 679 mire:
492 648 541 680 Cum
551 646 617 681 cinere
633 655 792 693 utroruuosno-

42 691 51 695 ’
73 692 156 745 mopsos
169 699 250 734 mittere
258 697 326 733 suerio
342 694 388 744 (vel
399 709 460 746 saepe
474 694 563 744 saecut-
585 707 639 745 quae
655 694 792 733 divinationes

74 759 147 785 omnes
157 759 199 784 non
210 752 273 798 egent
283 745 366 796 copiosa
375 745 510 784 refutatione.

125 801 170 838 797.
197 814 220 838 eo
230 801 249 837 si
258 801 352 849 odorato]
367 811 411 836 non
421 798 489 836 solum
499 796 558 835 hiatu
570 798 668 848 admisso,
682 798 719 837 sed
728 798 791 835 etiam

73 850 178 901 particula
189 853 208 889 si
217 857 320 901 correpta.
348 850 415 891 Wak„
423 856 521 888 annotat:
536 850 666 897 „Rationem
677 850 740 887 metri
750 849 792 888 ola-

73 903 117 939 rius
132 902 244 952 perspicies
263 901 399 940 rescribendo
416 901 442 939 ad
456 901 622 952 antiquissimam
637 915 734 940 normam
750 905 791 941 sei:

74 953 148 992 senties
161 954 223 1000 euim,
236 954 303 992 altera
314 954 383 992 vocali
397 954 454 999 elisa,
468 954 556 991 alteram
566 953 663 1005 relinqui.
691 954 792 991 Similiter

73 1006 96 1042 in
108 1007 192 1043 Graecis
207 1007 248 1043 hoc
263 1019 328 1056 genus
339 1006 467 1045 vocabulisf‘
495 1006 568 1056 (conf.
579 1006 643 1044 etiam
657 1019 718 1057 supra
729 1006 756 1043 ad
768 1006 791 1054 V,

74 1059 92 1097 7.
106 1060 138 1101 VI,
151 1060 196 1098 276.
208 1058 253 1098 375.
264 1058 324 1104 717.)

126 1111 172 1149 799.
200 1115 272 1163 atquo]
290 1112 339 1147 Bon.
351 1121 418 1162 utque.
437 1129 464 1138 -
482 1110 622 1162 labefactant]
641 1109 689 1152 Brit.
701 1110 720 1149 3.
733 1110 791 1149 lobe-

68 1161 161 1215 sociunt.
185 1168 187 1172 ’

91 1216 93 1219 ’
127 1215 171 1252 800.
198 1215 218 1251 si
227 1211 313 1262 calidis]
329 1211 359 1250 sic
370 1212 431 1254 Wak.
443 1225 491 1251 cum
505 1214 601 1251 omnibus
611 1212 681 1261 libris3
699 1212 761 1263 vulgo
773 1215 792 1251 si

73 1267 96 1304 in
108 1267 187 1304 colrois.
200 1286 226 1292 -
240 1276 333 1302 cunctere
344 1262 391 1312 (vel
402 1267 494 1312 contere)
508 1265 610 1315 lavabris]
625 1264 790 1315 sieLugd.1.2.,

74 1329 126 1366 quos
139 1319 188 1353 Hau.
200 1316 260 1354 Wak.
272 1315 347 1353 Eichst.
365 1322 424 1353 recte
441 1317 525 1367 sequuti
536 1318 644 1365 videntur,
663 1329 791 1368 quamquam

73 1381 113 1405 vox
124 1370 227 1406 luzrutrum
237 1366 290 1403 stibi
303 1380 346 1404 non
358 1367 469 1407 invenitur.
497 1370 568 1416 „Sed,
581 1369 641 1406 iisak.
652 1368 731 1418 inquit,
745 1380 792 1418 spe·

74 1420 127 1456 ciem
141 1418 258 1468 primitivae
268 1418 364 1472 dictionis
375 1431 426 1468 prae
437 1431 459 1456 se
473 1420 525 1467 fert,
539 1420 601 1465 unde,
613 1420 698 1457 Aeolieo
711 1419 791 1470 digam-

73 1483 108 1508 ma
120 1471 207 1517 extrito,
225 1471 260 1508 feo
272 1483 307 1507 um
319 1477 349 1507 est
364 1472 456 1510 laubrum
473 1478 494 1509 et
510 1473 610 1524 labraque
637 1473 697 1510 Poor.
709 1473 757 1510 Brit.
770 1473 790 1510 3:

73 1523 127 1560 Brix.
143 1524 189 1563 Ver.
201 1524 251 1560 Veri.
267 1522 311 1559 ald.
324 1524 342 1561 1.
356 1524 406 1559 Bon.
422 1538 466 1561 cum
483 1535 504 1562 te
519 1526 630 1573 relororis,
651 1526 791 1562 tunicarum

36 1581 39 1583 “
73 1577 182 1620 relevaris,
196 1574 257 1614 vind.
266 1585 351 1613 cunctae
366 1576 480 1623 relavoris,
493 1575 569 1626 fragm.
582 1576 642 1612 Vind.
655 1587 747 1614 cunctere
756 1578 790 1614 le-

74 1630 137 1673 varis,
150 1626 198 1664 Brit.
210 1628 228 1665 1.
243 1638 336 1665 cunctere
347 1628 442 1673 Iooocris,
456 1633 479 1663 ut
488 1627 550 1678 vulgo
561 1626 636 1677 editur,
655 1628 712 1664 Cant.
723 1640 791 1667 oonte-

74 1694 96 1717 re
106 1679 185 1723 lovari,
203 1677 248 1716 tid.
258 1680 277 1717 2.
289 1688 381 1717 cunctere
392 1679 465 1716 lovari.

127 1731 170 1769 801.
197 1741 218 1767 et
227 1732 302 1781 flueris
313 1730 377 1778 solis]
392 1729 449 1766 Cant.
463 1730 566 1782 offlueris,
586 1729 663 1782 reliqui
673 1743 745 1768 omnes
756 1730 790 1783 af-

69 1783 157 1833 flueris;
178 1793 244 1831 quare
253 1793 296 1817 non
307 1779 410 1827 dubitavi,
424 1781 473 1832 quin
482 1781 557 1821 Eichst.
567 1781 589 1819 in
598 1787 686 1831 recepta¹
699 1782 790 1820 lectione

73 1844 184 1883 sequerer,
199 1831 258 1869 cuius
269 1844 340 1869 sensus
349 1838 390 1870 est:
408 1832 426 1869 si
436 1832 496 1871 itate
508 1834 625 1882 perfuderis
638 1835 702 1884 aqua,
717 1841 741 1872 ut
751 1834 790 1872 rivi

74 1884 118 1921 eius
127 1883 153 1921 de
169 1896 259 1933 corpore
270 1883 376 1931 defluant,
395 1897 445 1922 nam
459 1884 614 1934 antiquissimos
625 1888 729 1923 Romanos
740 1900 790 1936 per-

73 1936 154 1973 fectum
167 1936 226 1973 verbi
229 1938 296 1988 fluere
306 1948 349 1973 non
355 1939 418 1988 fluxi,
432 1936 468 1973 sed
477 1950 489 1974 a
496 1939 556 1989 fluoo
569 1959 595 1965 -
602 1940 664 1990 fluvi,
674 1941 717 1990 flui
725 1938 790 1976 decli-

73 2000 143 2033 nasse,
162 1986 196 2025 vix
211 1995 282 2037 potest
294 1987 394 2031 dubitari.
421 1988 495 2039 ineis,
516 1989 552 2038 qui
565 1990 628 2037 etiam
645 1992 789 2027 coniecturam

74 2039 157 2089 profert
170 2055 229 2092 quom
239 2051 259 2078 te
270 2040 473 2088 relevatis-Plenior,
493 2043 585 2092 eossueris
595 2058 612 2080 s.
625 2041 645 2093 s
657 2057 687 2089 u,
702 2042 723 2078 in
736 2055 789 2079 con-

73 2097 132 2128 textu
142 2090 207 2129 edidit
216 2092 310 2143 etfueris
320 2093 378 2139 solio,
394 2091 449 2128 utin
460 2091 504 2130 sid.
516 2093 535 2131 2.
547 2092 629 2144 legitur,
644 2093 680 2130 sed
690 2093 789 2144 languida

73 2141 199 2194 tautologia,
213 2156 278 2194 quum
288 2143 332 2181 iam
343 2142 480 2192 praecesserit
489 2156 588 2183 cunctere.
615 2144 689 2196 Vulgo,
703 2146 789 2184 vocibus

73 2194 127 2232 mire
136 2194 272 2243 transpositis,
286 2207 307 2233 et
315 2197 366 2234 solio
377 2194 483 2246 infueris.

127 2246 172 2284 803.
200 2246 258 2295 ocior]
274 2245 334 2284 Vind.
347 2248 413 2295 ordor,
426 2246 482 2284 unde
491 2246 576 2284 inflant.
587 2250 649 2285 ord-:ir
660 2246 748 2286 facium.

127 2296 172 2336 8041
198 2298 287 2350 aquom]
299 2297 446 2350 Vindvfragm.
457 2298 516 2338 Vind.
527 2301 574 2337 Brit.
586 2300 605 2337 3.
618 2299 669 2339 Brix.
681 2302 727 2338 Ver.
738 2302 788 2338 Ven.

436 410 528 448 abortum
539 412 648 449 immittere
659 412 724 448 suevit
733 424 742 455 ,-

73 2349 118 2387 Ald.
131 2353 149 2388 1.
162 2364 223 2402 aquo.
237 2371 262 2378 -
271 2351 422 2450 praecepimus]
440 2350 487 2390 ssrit.
500 2353 517 2389 1.
528 2354 658 2403 percepimus.

127 2402 172 2440 805.
198 2403 267 2439 domus
293 2402 329 2449 sic,
344 2402 449 2439 Gronovio
463 2403 519 2440 obss.
534 2405 565 2448 iu,
577 2404 596 2442 5.
609 2402 716 2449 suadente,
727 2401 788 2441 Wsk.

74 2452 139 2492 edidit
150 2466 161 2492 e
175 2452 249 2504 priscis
259 2452 290 2491 Pii
305 2453 456 2506 exemplaribus
467 2460 488 2493 et
498 2454 547 2494 Brit.
559 2456 577 2496 3.
583 2484 589 2505 ,
610 2454 685 2505 quitus
696 2454 738 2493 iam
748 2454 788 2493 ad-
