1690 2654
120 81 153 126 84
289 143 291 145 ι
311 83 352 122 uu
369 72 491 139 rou-aunt
508 84 649 125 maruan

171 190 256 230 Iumina
273 191 308 240 sol,
322 194 345 231 ut
356 195 452 242 perpetuo
464 190 503 232 sint
515 192 582 232 omnia
594 188 672 243 plenae

171 242 206 280 Sic
219 255 231 280 a
242 243 302 282 rebus
310 243 363 284 item
375 244 436 282 simili
446 244 522 283 rationo
534 257 613 283 necesse
626 249 657 284 est

119 291 159 334 165
172 293 276 344 Temporis
288 295 309 333 in
321 300 394 345 puncto
405 309 473 335 rerum
485 297 593 336 simulacra
604 297 693 339 ferantur

170 346 238 385 Multa
250 347 314 385 modis
326 347 393 387 multis
405 347 427 386 in
435 351 517 387 'cunctas
529 349 615 397 undique
625 348 712 398 parteis:

171 397 343 448 Quandoquidem,
355 401 456 449 speculum
468 412 606 450 quoquomque
618 400 739 439 obvertimus
751 398 809 447 oreis,
838 406 840 408 ’

170 449 212 488 Res
225 449 255 488 ibi
266 451 384 501 respondent
397 452 458 490 simili
469 454 536 491 torma
547 456 607 502 atque
620 453 691 491 colore.

196 502 309 551 Praeterea,
322 504 382 542 modo
396 517 457 553 quom
468 504 529 543 fuerit
540 503 671 553 liquidissima
686 502 738 543 coeli

55 559 59 562 “
101 588 104 591 ,
119 551 159 592 lto
170 550 295 603 Tempestas,
308 567 404 605 perquam
416 556 480 594 subito
493 555 608 594 fit'turbida
621 556 667 594 fede

170 605 269 655 Undique,
281 607 312 645 uti
324 608 414 646 tenebras
426 607 500 646 omneis
512 607 625 646 Acherunta
637 606 699 646 rearis

169 656 266 706 Liquisse,
279 662 298 696 et
311 672 395 710 magnas
408 661 458 697 coeli
471 661 577 708 complesse
589 666 690 697 cavernas.

171 708 239 759 Usque
251 709 306 757 adeo,
319 713 370 749 tetra
381 710 494 749 nimborum
506 713 563 749 nocte
575 712 649 758 coorta,

170 760 283 810 impendent
296 764 351 800 atrae
362 762 482 801 Formidinis
495 774 530 801 ora
542 774 632 812 superne.

118 810 158 850 175
172 813 262 859 Quorum
275 814 373 861 quantula
382 826 428 862 pars
441 814 466 850 sit
477 814 553 864 imago,¹
565 814 631 851 dicere
642 823 700 850 nemo
714 813 744 851 est

170 863 210 912 Qui
222 863 289 912 possit,
301 877 365 913 neque
378 877 422 904 eam
434 864 531 903 rationem
543 866 625 903 reddere
637 864 700 903 dietis.

195 914 251 956 Nune
264 928 308 968 age,
318 929 381 965 ,quam
393 916 453 955 celeri
464 921 521 963 motu
534 916 640 956 simulacra
652 917 747 963 ferantur,

169 967 195 1007 Et
208 980 258 1017 quae
270 967 371 1007 mobilitas
383 969 447 1015 olleis,
459 969 581 1007 tranantibus
594 980 659 1016 auras,

169 1020 255 1058 Reddita
267 1020 298 1067 sit,
309 1021 370 1072 longo
383 1021 447 1071 spatio
459 1024 482 1058 ut
494 1020 559 1059 brevis
571 1021 623 1059 hora
635 1023 718 1068 teratur,

58 1085 62 1095 “
117 1067 157 1110 18⁰
169 1072 193 1110 Iu
206 1085 264 1119 quem
276 1085 365 1121 quaeque
376 1073 444 1110 locum
457 1072 535 1110 divorso
548 1072 628 1110 numine
640 1073 728 1120 tendunt,

169 1122 279 1162 suavidicis
290 1123 363 1174 potius,
375 1136 436 1173 quam
448 1124 522 1172 multis,
534 1124 624 1162 versibus
631 1124 702 1162 'edam:

169 1175 246 1215 Parvus
258 1179 281 1215 ut
294 1179 323 1215 est
336 1176 393 1226 cycni
404 1175 476 1215 melior
488 1187 554 1223 aanor,
566 1175 602 1219 ille
614 1187 688 1226 gruum
700 1186 760 1225 quam

170 1228 256 1274 Clamor,
269 1228 290 1265 in
303 1227 396 1266 aetheriis
408 1228 505 1279 dispersus
517 1226 601 1266 nubibus
613 1227 686 1269 Austri.

165 1286 167 1289 ’
193 1279 300 1328 Principio,
311 1291 405 1329 persaepe
416 1280 476 1325 levois
488 1284 521 1316 res'
532 1282 589 1328 atque
601 1279 686 1317 minutis

117 1326 156 1370 185
169 1328 289 1380 Corporibus
300 1330 380 1370 stanteis
393 1330 473 1369 celereis
483 1331 532 1369 licet
544 1343 585 1369 esse
596 1330 683 1380 videres,

59 1427 60 1435 ἵ
128 1380 136 1391 ⁴
167 1382 240 1433 lnquo
252 1382 293 1422 iam
306 1396 378 1434 genere
391 1386 420 1422 est
432 1382 479 1422 solis
491 1383 532 1430 lux,
545 1386 564 1422 et
576 1394 640 1432 vapor
653 1382 726 1429 eius3.

166 1435 281 1483 Propterea,
294 1435 342 1485 quia
354 1438 397 1474 sunt
410 1448 421 1473 e
432 1435 502 1483 primis
513 1435 568 1472 lacta
579 1433 671 1480 minutim

170 1486 226 1534 Quae
239 1486 294 1536 quasi
307 1487 497 1537 sudantum-perque
505 1485 556 1524 adris
568 1485 693 1524 intervallum

166 1538 211 1577 Non
224 1538 313 1578 dubitant
324 1539 412 1585 transire,
425 1537 512 1588 sequenti
524 1538 600 1576 concita
612 1538 679 1588 plaga.
709 1587 711 1589 v

115 1587 155 1629 190
166 1589 305 1640 Suppeditatur
317 1591 370 1629 enim
382 1591 485 1629 confestim
496 1588 571 1628 lumine
581 1589 655 1638 lumen,
733 1626 735 1629 .

167 1642 193 1681 Et
205 1643 262 1690 quasi
274 1643 349 1692 protelo
361 1643 473 1681 stimulatur
484 1642 564 1692 fulgure
576 1641 650 1692 fulgur.
724 1664 725 1667 =

168 1694 292 1742 Quapropter
304 1694 410 1732 simulacra
421 1694 466 1743 pari
477 1693 553 1731 ratione
564 1705 643 1731 necesse
656 1693 685 1729 est
731 1739 738 1748 Ι

102 1782 109 1789 ,
166 1745 327 1785 Immemorabile
339 1758 375 1795 per
387 1744 471 1795 spatium
485 1749 617 1784 transcurrere
628 1755 685 1793 posse
782 1781 783 1784 ,

143 1827 145 1830 ,
167 1797 272 1847 Temporis
285 1796 507 1848 iupuu'et03primum,
519 1796 572 1846 quod
582 1793 666 1846 parvola
679 1803 739 1833 causa
795 1799 797 1801 ’
839 1799 841 1802 “

114 1845 158 1890 195,
167 1850 204 1888 Est
216 1851 312 1899 procula
325 1855 387 1901 tergo,
402 1861 452 1899 quae
464 1850 560 1900 provehat
573 1853 631 1898 atque
643 1846 753 1902 propellal3

165 1902 312 1951 Deinde-quod
324 1915 387 1951 usque
400 1903 449 1940 adeo
461 1902 545 1940 textura
553 1900 642 1950 praedita
654 1910 701 1937 rara

165 1954 279 2002 Mittuntur,
291 1953 351 1994 facile
363 1957 385 1993 ut
397 1954 476 2004 quasvis
488 1956 589 2003 penetrare
601 1953 673 2001 queant
684 1961 723 1997 res,

165 2006 192 2046 Et
205 2006 261 2055 quasi
272 2018 391 2056 permanare
400 2019 436 2056 per
449 2006 504 2053 abris
513 2004 646 2043 intervallum.
654 2008 661 2038 .’
686 2003 692 2009 “
722 2021 732 2031 2

191 2059 296 2097 Praeterea
310 2058 333 2105 si,
347 2069 398 2108 quae
410 2058 487 2106 penitus
500 2056 616 2106 corpuscula
628 2059 696 2093 retum
748 2087 749 2090 ,

114 2104 154 2148 aba
165 2110 288 2159 Exyaltoque
300 2110 353 2148 foras
365 2110 477 2156 mittrmtur,
490 2109 538 2148 solis
546 2108 577 2146 uti
589 2108 634 2146 lux·

165 2164 195 2201 Ao
206 2174 275 2212 vapor,
287 2162 337 2201 haee
349 2165 420 2212 puncto
431 2164 536 2212 cernuntur
547 2157 655 2211 lapsaldiei

166 2214 205 2252 Per
217 2218 281 2253 totum
294 2213 443 2264 coeli-spatium
457 2212 567 2251 diffundere
579 2224 639 2258 sese,

165 2265 243 2313 Perque
255 2266 392 2304 volaremare
404 2278 428 2303 ac
441 2264 639 2313 terras,'coelumque
651 2261 725 2312 rigare,
741 2292 742 2295 η

167 2316 225 2364 Quod
237 2321 348 2367 saporosa
360 2317 397 2355 ubi
409 2321 454 2356 tam
463 2316 540 2355 volueri
551 2316 632 2354 levitate
643 2315 744 2353 feruutur:

42 2377 50 2381 ”
112 2363 154 2407 205
166 2367 234 2417 Quid?
247 2381 297 2417 quae
310 2373 354 2407 suut
365 2369 429 2420 igitur
441 2370 482 2408 iam
494 2368 560 2419 prima
573 2368 638 2406 fronte
649 2366 727 2417 parata,

166 2421 233 2469 Quom
245 2419 349 2467 iaciuntur,
363 2427 382 2459 et
394 2421 487 2466 emissum
498 2428 530 2460 res
542 2420 598 2458 nulla
610 2421 705 2464 moratur,

167 2474 237 2524 Quone
249 2472 305 2530 rides
320 2471 378 2512 eitius
391 2472 461 2512 debere
474 2477 494 2513 et
505 2472 584 2525 longius
597 2473 632 2523 ire,
