1690 2654
105 81 153 126 576
237 82 405 137 *ADDENDA
421 83 466 124 ΕΤ
482 83 697 129 ΕΜΕΝΒΑΝΒΑ.
763 117 766 121 .

158 194 216 234 1176.
243 194 367 244 venientem]
388 193 418 232 sic
430 206 502 233 omnes
514 194 559 233 fere
571 194 632 244 libri,
648 209 759 247 quoscum
771 196 827 249 vulg.

106 244 166 285 editt.
177 252 199 283 et
207 245 282 286 Eichst.
292 253 391 298 sequutus
403 259 457 284 sum.
488 247 560 295 wau,
575 247 668 286 Bentleio
681 261 778 296 suasore,
792 250 828 299 qui

107 304 218 357 comparat
231 299 270 348 VI,
281 300 337 346 260,
352 312 376 337 ex
387 298 418 338 ed.
427 301 477 337 Bon,
489 298 536 344 (cui
546 299 600 337 adde
610 299 655 338 Ald.
669 303 687 340 1.
698 303 717 340 2,
731 308 752 338 et
763 302 827 350 lunt.)

105 356 187 401 recepit
199 353 294 395 veniens·
315 350 406 389 coniecit
415 364 465 388 vero
478 350 542 388 etiam
553 355 616 392 missa
627 355 649 392 in
660 357 781 393 venientem.

159 403 218 442 1266.
243 403 311 441 Faber
320 416 360 454 pro
374 405 469 442 clunibus
482 403 525 454 legi
536 402 594 442 iubet
607 408 710 453 Grissons,
725 405 773 455 quia
783 408 828 443 Do-

105 460 178 502 natus,
191 454 249 493 hunc
262 454 334 494 locum
345 454 469 507 respiciens,
482 456 510 493 ad
518 458 566 495 Ter.
578 457 629 493 Eun.
641 457 685 506 ΙΠ,
700 458 723 506 1,
733 455 765 498 34.
776 456 829 494 scri-

105 506 182 557 pserit:
196 535 210 555 ,‚
217 512 304 560 Aperte
311 524 359 562 ergo
367 511 400 548 sui
410 512 525 548 meretrices
537 519 607 547 scorto
617 510 719 557 dicuntur,
729 511 763 548 vel
775 505 826 548 01πᾶ

105 558 155 598 τοῦ
169 559 309 610 σκαίρειν,
323 563 377 615 quoni
386 564 463 600 Graece
474 561 614 614 palpitare
626 563 760 613 intelligitur,
774 562 828 614 qnod

106 614 156 652 illae
161 612 247 664 faciunt
258 614 354 652 saltando
364 615 452 661 assidue,
463 614 498 651 vel
503 614 574 665 potius
587 615 627 651 cri
631 616 738 659 stando,
752 617 829 652 1111311-

106 667 182 704 cretins
192 667 224 703 ait
232 665 268 703 lib.
278 668 329 713 JV„
343 666 367 704 ob
379 677 424 703 eom
435 679 524 714 causam,
538 675 562 704 ut
570 666 717 704 concinniorem
731 668 829 704 Venerem.

106 717 215 756 exhibeant
223 719 282 765 viris,
296 727 332 756 unt
342 717 381 756 siln
391 717 478 769 abigant
489 716 628 768 conceptum.⁴‘
654 715 694 753 Sed
705 715 777 767 quidni
786 720 828 755 Do-

106 774 180 806 natum
190 767 299 806 brevitatis
311 781 373 806 causa
381 780 424 806 uno
435 768 499 805 verbo
511 768 633 818 expressisse
643 780 756 815 sumamus,
770 767 827 821 quod

106 820 129 858 111
139 819 237 858 Lucretio
247 833 286 871 per
294 820 523 872 circumloquutionem
535 820 615 857 dictum
624 820 749 862 invenisset?

158 873 238 964 *lffiili
265 873 326 926 lege:
344 879 368 912 ut
381 876 422 924 Π,
435 871 481 911 951.
495 883 520 913 et
534 872 578 922 111,
592 874 637 913 890.
650 872 733 925 (Conf.
748 874 827 913 etiam

107 928 121 964 I
126 927 147 965 V
148 953 155 975 7
196 926 227 963 Δ1·
695 965 697 968 ,
720 926 727 934 ¹·

373 1105 507 1145 LIBRO
534 1105 559 1145 V.

160 1184 179 1222 7.
206 1185 255 1220 Post
269 1182 342 1220 locum
356 1184 392 1230 IV,
409 1184 466 1223 1057.
484 1182 538 1221 adde
549 1183 589 1232 vt,
601 1183 647 1223 276.
664 1182 708 1223 375.
720 1182 765 1223 717.
779 1182 825 1222 797.

106 1233 179 1275 Paullo
190 1233 252 1272 aliter
261 1246 294 1272 res
306 1247 327 1283 se
337 1234 401 1273 habet
411 1236 428 1285 I,
439 1235 493 1286 235„
503 1235 541 1272 uhi
550 1234 615 1286 longa
622 1235 700 1273 vocalis
710 1234 825 1285 particulae

107 1290 128 1376 sp
138 1285 222 1323 eliditur
231 1287 310 1376 4Quodsi
322 1289 344 1326 in
354 1303 377 1327 eo
390 1290 465 1340 spatio.
493 1288 579 1324 Praeter
588 1286 710 1324 Schneideri
720 1286 734 1325 1.
743 1286 758 1325 l.
768 1286 824 1327 conf.

106 1338 164 1376 iem
190 1342 230 1378 Ι10
255 1349 271 1375 s.

159 1351 187 1430 8.p
205 1391 253 1435 ille]
272 1388 370 1427 Lambini
386 1388 448 1429 uode.
461 1395 481 1427 et
490 1389 556 1441 Lugd.
568 1391 587 1429 2.
602 1393 652 1442 ipse.
678 1391 718 1430 Ille
727 1401 777 1428 vero
789 1387 825 1427 de-

106 1441 175 1482 fendis
185 1441 249 1480 etiarn
259 1440 328 1480 Heius.
338 1440 365 1478 ad
377 1442 434 1493 Virg.
445 1443 494 1480 Aen.
507 1443 558 1490 VH,
573 1444 617 1481 110.

158 1492 191 1535 41.
217 1496 308 1538 scotere]
324 1493 386 1532 Conf.
397 1500 478 1534 annott.
489 1493 516 1531 ad
525 1495 548 1542 V,
561 1495 617 1533 1093-

159 1546 192 1585 52.
220 1545 285 1584 Bentl.
300 1545 354 1584 coni.
366 1560 449 1585 numero
459 1549 482 1585 in
493 1544 567 1595 divim,
582 1556 705 1596 comparans
716 1557 735 1582 v.
748 1543 793 1584 124.

159 1598 186 1637 92
197 1609 223 1635 ss.
249 1599 311 1634 Hunc
321 1596 394 1634 locum
404 1597 494 1648 respexit
504 1596 562 1637 ovid.
573 1597 635 1638 Trist.
647 1597 680 1647 ΙΙ,
689 1594 734 1636 425.
763 1595 823 1643 (vid.

107 1649 177 1689 Praei.
189 1663 210 1699 p.
222 1651 318 1688 XXXIII.
329 1655 379 1687 note
390 1649 434 1697 13.)

160 1703 203 1741 103.
230 1705 260 1740 De
270 1700 341 1739 media
350 1701 406 1739 vocis
413 1703 468 1753 fidet
476 1700 556 1752 syllaba
566 1699 669 1750 producta
679 1698 735 1738 conf.
744 1705 824 1739 annott.

107 1753 135 1792 ad
145 1753 185 1797 VI,
199 1754 245 1793 919.

160 1805 205 1844 183.
231 1803 327 1853 notities]
342 1802 403 1841 Gonf.
414 1802 441 1841 ad
451 1804 474 1849 V,
485 1804 543 1843 1018.
555 1808 662 1841 annotata.

160 1854 205 1895 240.
233 1856 312 1894 Gifauii
320 1855 434 1893 lectionem
445 1857 514 1894 eodem
525 1858 590 1894 oznnis
599 1854 661 1891 etiam
666 1854 731 1892 Bentl.
742 1854 823 1905 probat.

159 1909 206 1947 253.
232 1910 281 1957 alit,
296 1918 358 1959 auget
371 1906 461 1945 Bentleio
474 1918 557 1957 quoque
569 1905 654 1957 placuit.

159 1958 205 1999 294.
233 1961 303 2009 „lucis
314 1958 415 2011 capnt,i.
426 1971 444 1996 e.
456 1958 503 1995 lons
516 1958 592 1995 lucis-‘⁴
615 1958 699 1997 Bentl.
744 1959 746 1961 ’

160 2012 206 2050 297.
231 2012 322 2063 fuligine
333 2010 420 2047 Bentleii
430 2017 461 2047 est
470 2008 598 2057 coniectura,
611 2022 624 2047 a
633 2009 693 2047 Wak.
704 2010 732 2058 (et
737 2007 823 2056 Eichst.)

109 2068 205 2112 recepte,
225 2062 261 2113 qui
271 2068 380 2112 comparat
391 2061 449 2112 virg.
460 2062 503 2101 Ecl.
514 2062 565 2110 VII,
574 2061 605 2101 50.
624 2060 718 2112 Appulei.
728 2061 777 2099 Met.
788 2063 822 2100 IV.

110 2113 148 2152 sub
157 2114 193 2152 fin.
205 2113 305 2165 aliosque.
332 2113 390 2152 Libri
401 2114 446 2151 Mss.
457 2120 477 2151 et
487 2118 569 2151 ceterae
580 2112 637 2150 editt.
647 2124 718 2150 omnes
727 2114 823 2164 caligine.

162 2167 207 2205 312.
221 2167 266 2206 313.
287 2166 353 2203 Bentl.
362 2171 435 2215 utpote
445 2165 526 2216 spurios
535 2164 580 2202 vult
590 2164 675 2203 deletos.
689 2165 821 2214 monimento]

102 2216 157 2256 vViti.
170 2219 233 2255 etiam
243 2224 323 2254 enuott.
336 2217 362 2255 ad
374 2231 392 2255 u
406 2218 452 2256 330.

161 2270 207 2308 363.
234 2268 300 2306 Bentl.
312 2268 465 2308 conteisuliat
477 2290 503 2297 —
514 2289 540 2295 -
552 2270 607 2317 sint,
620 2265 698 2305 collato
708 2280 727 2305 v.
739 2268 785 2308 360.

161 2319 206 2360 413.
234 2320 301 2372 Vulgo
310 2320 465 2371 interpungitur
479 2324 506 2359 Ut
513 2320 573 2373 famo
583 2330 614 2358 est
622 2321 735 2367 hominum,
748 2320 824 2357 multas

111 2378 162 2420 eto,
182 2371 219 2410 sed
235 2373 303 2409 minus
315 2373 376 2411 hene.
403 2372 487 2409 Vossius
505 2371 531 2408 ad
544 2370 649 2419 Catullp.
662 2370 707 2409 215.
719 2369 773 2408 coni.
789 2371 824 2410 ob-

109 2428 153 2463 ruit
167 2426 243 2463 multos
255 2425 281 2472 (i,
297 2437 315 2462 e.
332 2424 403 2474 culpas
418 2422 708 2472 mulctadignespcrimiua)
722 2423 825 2467 hominum

110 2477 181 2524 undis,
194 2475 240 2515 iure
248 2482 360 2528 propterea
368 2474 505 2528 reprehensus
516 2473 638 2525 aBentleio‚
650 2473 698 2531 qui,
712 2473 825 2513 meliorum
