1690 2654
262 120 264 122 ‚
284 73 390 126 LIBER
407 73 447 118 tu.

89 186 136 236 Qua
148 185 241 227 vehimur
253 187 306 235 nari,
316 188 390 236 fertur,
404 198 472 236 quom·
479 188 531 225 stare
542 185 630 237 uidetur,

62 237 120 288 Quae
133 243 200 278 manet
211 240 233 278 iu
246 240 334 287 statione,
349 252 372 278 ea
384 239 564 290 praeter'ereditur
576 239 619 286 ire;

61 290 89 330 Et
101 292 172 343 lugere
186 292 211 331 ad
223 292 306 342 puppim
320 292 380 330 eolles
394 290 508 340 campeique
521 290 620 341 videntur,
689 289 730 330 ttb

62 343 116 393 Quos
130 344 208 394 agimus
221 348 300 393 praeter
312 356 395 391 navem,
403 343 492 392 uelisque
502 344 599 383 volamus.

57 420 60 424 -
88 395 161 442 Sidera,
170 408 247 437 cessere
259 395 365 444 aetherieis
378 395 439 433 affixa
451 395 551 440 cauerneis

61 447 137 494 Cuncta
149 447 258 494 videntum,
267 451 286 486 ct
301 447 380 490 assiduo
394 450 438 485 suut
451 445 517 485 omnia
529 448 596 495 motu;

61 499 225 549 Quandoquidem
237 501 307 551 longos
321 499 387 538 obitus
400 501 470 549 exorta
479 497 574 545 revisunt,
620 498 624 502 '

61 554 128 601 Quom
141 564 246 602 permensa
259 564 295 590 suo
309 556 353 590 sunt
368 552 445 589 coelum
459 563 540 600 corpore
552 551 617 590 claro:
689 550 730 590 395

61 605 136 653 Solque
149 604 193 653 pari
206 605 283 643 ratione
296 616 377 642 manere
390 607 410 641 et
421 604 469 640 lune
481 603 559 641 videtur

61 656 84 697 lu
97 655 193 703 stntione;
208 669 238 705 ea,
251 669 302 706 quae
314 656 364 695 ferri
375 669 407 694 res
419 654 493 693 iudicat
505 655 555 704 ipsa.

88 709 233 757 Exstantesque
244 709 314 758 procul
326 708 392 746 medio
406 707 430 745 de
442 707 523 758 gurgite
535 710 618 757 montes,
667 756 670 760 y
714 755 722 761 .

62 761 162 803 Classibus
175 761 226 798 inter
239 774 287 810 quos
300 760 351 798 liber
362 763 416 809 potet
430 760 503 805 exitus,
516 760 587 810 ingens
672 758 675 761 ’

61 814 128 854 Insula
141 810 247 851 coniunctis
260 817 326 851 temen
340 825 364 850 ex
376 812 407 850 his
420 824 460 849 una
471 811 556 852 videtur.

81 865 144 905 Atrio
156 864 233 904 versari
246 868 266 903 et
278 864 431 903 circumcursare
445 863 554 910 columnae,

61 918 130 968 Usque
143 917 192 956 adeo
204 918 233 965 lit,
246 917 276 956 uti
288 917 365 966 puereis
377 916 487 963 videantur,
500 916 536 955 ubi
548 914 598 965 ipset

40 1009 42 1013 ,
61 970 166 1008 Desierunt
177 969 236 1016 vorti,
249 970 283 1007 viu
295 972 319 1006 ut
331 969 372 1007 iam
384 969 463 1006 eredere
475 968 557 1017 possint,

62 1021 108 1062 Non
120 1034 180 1071 supra
192 1034 234 1060 sese
246 1034 305 1064 ruere
318 1021 384 1058 omnia
396 1024 447 1059 tecta
460 1020 538 1060 minari.

52 1111 53 1114 ,
86 1076 170 1123 Iamque
180 1074 264 1112 rubrum
275 1072 365 1110 tremulis
377 1072 436 1110 iubar
447 1071 528 1123 ignibus
542 1071 618 1123 erigere
630 1072 671 1113 alte
688 1071 728 1112 405

62 1126 130 1174 Quom
142 1128 221 1174 oocptat
233 1128 310 1171 natiue,
323 1137 420 1174 supraqne
432 1125 527 1173 extollere
539 1124 634 1172 mouteis3

61 1179 116 1226 Quos
128 1176 223 1222 libitum
236 1188 296 1226 snpra
307 1177 338 1215 sol
349 1174 432 1214 monteis
445 1189 487 1214 esse
498 1177 584 1225 uidetur,
619 1203 620 1206 =

61 1229 177 1268 Comminus
189 1227 232 1278 ipse
245 1241 285 1281 suo
294 1225 407 1279 contingens
419 1229 507 1267 fervidus
523 1228 573 1280 igni,

11 1294 15 1332 ζ
60 1281 99 1319 Vix
109 1281 182 1333 'absunt
197 1281 254 1319 nobis
266 1280 337 1319 missus
350 1282 381 1319 bis
392 1279 448 1320 mille
460 1282 551 1332 sagittae,

61 1333 99 1372 uix
113 1333 173 1372 etiam
186 1337 255 1372 cursus
267 1333 382 1384 quingentos
395 1344 452 1382 saepe
466 1333 548 1372 veruti..

60 1385 115 1425 Inter
129 1398 162 1424 eos
175 1386 275 1436 solemque
287 1385 458 1424 iocentinnmenia
470 1386 526 1435 ponti

48 1438 159 1487 nequem,
172 1438 272 1477 substrata
284 1437 388 1489 aetherieis
400 1438 513 1489 ingentibus
526 1436 590 1485 oreis;

60 1490 204 1538 interiectaque
216 1495 261 1530 sunt
273 1492 371 1529 terrarum
383 1489 448 1537 millio
462 1492 531 1539 multa,

61 1543 120 1592 Quae
130 1541 199 1581 variae
211 1543 294 1581 retinent
306 1546 374 1593 gentes
387 1547 407 1582 et
419 1543 472 1581 secla
484 1544 579 1582 ferarum.

60 1595 87 1634 At
99 1594 197 1633 coniectus
209 1607 279 1644 aquae,
293 1594 377 1646 digitum
390 1607 429 1634 nou
441 1594 500 1634 altior
512 1608 580 1644 unum,

34 1663 35 1666 ¹
61 1646 102 1695 Qui
115 1646 191 1697 lapides
204 1646 256 1685 inter
268 1646 319 1685 sistit
331 1660 367 1697 per
379 1648 442 1686 strata
454 1646 539 1696 riarum,

8 1716 10 1720 >
60 1698 181 1750 Despectum
193 1700 276 1749 praebet
287 1700 323 1737 sub
336 1703 399 1740 terras
410 1699 485 1749 impete
496 1704 558 1746 tanto,

60 1751 79 1790 A
91 1751 258 1800 terris’quontum
271 1752 321 1790 coeli
334 1756 388 1801 patet
399 1752 450 1791 altus
460 1752 541 1798 hiatum

11 1808 13 1812 '
60 1803 134 1842 Nubila
147 1803 245 1852 despicere
258 1808 277 1842 et
291 1804 368 1843 coelum
380 1804 579 1853 utrideareridere
592 1806 613 1845 et
663 1828 665 1831 v

37 1873 39 1877 ·
61 1855 149 1905 Corpora
160 1855 255 1895 mirande.
263 1856 299 1894 sub
312 1859 374 1895 terres
387 1856 454 1896 abdita
467 1857 529 1897 coelo.
582 1854 584 1857 ’

86 1908 184 1958 Denique,
197 1908 232 1946 ubi
244 1908 265 1946 in
277 1908 342 1947 medio
355 1909 412 1947 nobis
425 1921 485 1957 equus
498 1921 544 1947 acer
554 1906 645 1948 obhaesit

60 1958 160 2007 Flumine,
173 1963 192 1998 et
203 1959 225 1998 in
236 1959 316 2010 rupidus
328 1961 391 1999 amnis
406 1960 528 2009 despeximus
539 1961 614 2009 undas;

61 2010 137 2051 Stantis
146 2011 192 2062 equi
204 2025 274 2063 eorpus
283 2016 417 2064 transvorsum
429 2013 483 2051 ierne
493 2013 576 2051 ,uidetur

60 2063 101 2112 Vis,
115 2068 135 2103 et
147 2064 168 2102 in
180 2065 286 2110 advorsum
298 2065 372 2104 flumen
385 2065 499 2104 contrudere
511 2064 595 2116 raptim3

60 2114 94 2163 Et,
108 2117 324 2166 quoquomqueooulos
336 2117 457 2164 traiecimus,
470 2118 536 2157 omnia
548 2117 597 2156 teni
686 2113 725 2155 425

60 2166 88 2206 Et
99 2168 162 2208 fluere
174 2169 258 2208 assimili
270 2169 414 2208 nobisretione
425 2169 523 2209 uidentur.
694 2167 695 2170 ’

86 2219 177 2259 Porticus
190 2222 270 2271 aequali
282 2221 372 2270 quamvis
386 2224 415 2260 est
427 2221 510 2271 denique
523 2223 588 2269 ductu,

61 2268 157 2322 Stansque
169 2272 190 2311 in
202 2277 318 2323 perpetuum
330 2273 411 2324 peribus
423 2274 505 2313 suffulta
518 2271 625 2322 columnis;
662 2314 663 2317 Ἴ

60 2321 130 2373 Longa
142 2327 215 2373 tamon,
227 2329 284 2374 parte
297 2326 322 2364 ab
335 2338 412 2364 summa
425 2339 485 2375 quom
497 2330 538 2367 tota
550 2325 636 2373 uidetur,

60 2372 169 2414 Paullatim
182 2378 244 2416 trahit
257 2378 336 2429 angusti
348 2377 430 2430 fastigia
443 2378 494 2427 coni,
598 2420 600 2423 ,
683 2373 723 2415 430

58 2423 124 2464 Tecto
136 2428 179 2476 solo
191 2423 280 2479 iung'ens,
293 2434 356 2479 etque
365 2430 431 2471 omnio
443 2431 522 2471 dextera
534 2429 614 2477 laeueis,

60 2474 127 2516 Donec
138 2478 159 2518 iu
172 2479 278 2521 obscurum
290 2481 335 2523 coni
349 2482 441 2523 conduxit
454 2495 542 2524 acumen.
