1690 2654
280 98 285 129 ·.
301 99 405 139 mean
428 99 471 162 rr
528 92 530 94 ’
695 100 742 145 reo

118 206 207 258 Quorum
222 207 239 246 si
252 204 307 256 quis,
320 210 343 245 ut
355 209 395 255 est,
408 206 617 257 1111111111111111111,
661 208 664 211 ⁴

91 261 200 298 Visceribus
212 260 278 307 tetris,
293 263 313 296 11
323 257 381 308 nigra
393 257 483 307 prolutie
494 258 546 304 ulsi3

91 312 189 350 Posterius
201 315 266 349 tamen
278 310 330 346 hunc
343 310 398 346 tabes
409 309 508 356 1111111111
520 310 623 349 manebat:
689 312 741 352 1200

91 364 131 401 Aut
143 363 203 400 etiam
215 362 288 399 multus
301 360 372 407 capitis
382 372 427 397 cum
435 371 494 407 saepe
507 360 573 397 dolore
621 361 624 363 ’

90 415 196 461 Corruptus
208 411 289 462 senguis
302 409 383 458 expletis
394 410 476 462 naribus
488 410 540 454 ibat;

91 465 137 502 Huc
150 463 236 500 hominis
249 465 301 499 totae
313 462 365 498 11111
377 473 486 508 corpusque
497 461 578 498 fluebat.
617 473 621 477 ·

119 513 242 552 Proflurium
253 525 318 562 porrov
326 512 360 561 qui
372 513 418 550 tetri
430 511 530 560 sanguinis
541 524 586 550 acre

90 564 187 610 Exierat,‘
196 569 262 603 tamen
274 564 294 601 in
306 576 376 601 nervos
388 563 435 601 huic
444 564 529 600 morbus
540 566 559 600 et
571 567 624 602 artus
688 567 740 608 1205

90 616 142 662 Ibat,
156 619 175 652 et
187 615 209 653 iu
221 615 294 665 parteis
307 615 410 665 genitaleis
422 614 580 662 corporisipsas.

89 667 115 704 Et
128 666 216 716 graviter
226 666 299 715 partim
311 666 419 704 metuentes
430 665 548 703 limina‘l'cti
568 691 570 693 -
591 682 593 684 ·

90 718 199 764 livebant,
212 718 265 756 ferro
276 717 361 767 privatei
373 721 429 765 parte
442 716 507 754 virili:
537 748 539 750 .

90 769 117 807 Et
129 769 219 807 manibus
231 769 272 807 sine
283 769 382 807 nounullei
393 767 513 818 pedibusque
524 770 631 809 manebant

89 821 112 858 In
125 821 167 858 vita
179 825 254 867 tamen,
262 824 286 857 et
298 821 405 869 perdebant
415 820 491 857 lumina
503 820 585 867 partim:
688 823 740 862 1210

88 872 155 920 Usque
168 872 216 910 adeo
229 872 297 909 mortis
310 876 373 909 metus
385 871 429 909 heis
441 871 548 908 incusserat
561 884 613 911 acer.

80 923 154 971 Atque
166 922 225 961 eliam
239 923 334 972 quosdam
347 921 503 971 cepereoblivia
515 935 582 961 rerum

59 997 62 1007 -.
90 974 220 1021 Cunctorum,
233 986 296 1022 neque
308 987 329 1012 so
341 977 422 1023 possent·
430 985 547 1023 cognoscere
559 977 582 1011 111
592 973 648 1023 ipsci.

114 1027 219 1073 Multaque
230 1026 288 1063 humi
300 1038 360 1074 quom
371 1024 475 1061 inhumata
487 1026 574 1062 iacerent
586 1038 670 1074 corpore
681 1040 741 1076 supra

69 1091 71 1094 ·
90 1075 219 1126 Corporibus,
233 1080 300 1114 tamen
312 1077 396 1114 alituum
409 1088 470 1126 genus
483 1079 540 1124 atque
552 1076 641 1117 ferorum
688 1080 740 1119 1215

89 1127 130 1166 Aut
141 1129 210 1176 procul
221 1128 335 1174 absiliebat,
353 1129 375 1165 111
387 1139 453 1166 acrem
466 1128 527 1165 exiret
540 1128 626 1178 odorem,

88 1178 138 1225 Aut,
152 1178 188 1215 ubi
200 1182 298 1228 gustarat,
312 1179 419 1228 languebat
430 1182 493 1217 morte
505 1179 619 1228 propinqua.

115 1229 156 1267 Nec
168 1233 232 1266 tamen
247 1230 326 1267 omniuo
339 1234 412 1268 temere
425 1230 468 1268 ollis
481 1231 554 1268 solibus
567 1233 609 1269 ulla

90 1279 222 1328 Comparebat
233 1281 288 1327 avis,
301 1294 336 1319 neo
348 1281 408 1319 nonio
420 1282 473 1319 secla
484 1283 572 1319 ferarum

89 1331 175 1369 Exibunt
187 1332 261 1381 sylvis:
271 1332 391 1383 languebant
403 1333 496 1381 pleraque
509 1333 585 1381 morbo,
664 1340 666 1342 ’
687 1335 739 1375 1220

89 1383 117 1419 Et
129 1382 330 1422 moriebanturecum
343 1383 411 1432 primis
423 1384 463 1421 fida
477 1397 547 1421 cauum
559 1384 589 1421 ris

89 1433 156 1477 Strata
168 1433 205 1472 viis
219 1434 305 1473 animam
320 1436 403 1484 ponebat
415 1435 435 1472 iu
450 1435 539 1473 omnibus
552 1447 623 1485 acgre3

71 1530 73 1533 ι
89 1483 224 1534 Extorquobat
238 1486 289 1524 enim
301 1487 363 1536 uitam
375 1487 406 1524 'uis
418 1487 508 1524 morbida
520 1488 631 1528 membrcis.

114 1536 229 1575 lucomitata
241 1537 286 1586 rapi
298 1539 400 1576 certabant
412 1539 481 1575 funera
494 1541 556 1575 rasta.

88 1585 129 1624 Nec
140 1587 191 1625 ratio
204 1589 278 1626 remedi
290 1589 397 1627 communis
409 1593 462 1627 certa
475 1590 568 1627 dabatur:
685 1589 738 1630 1225

89 1637 151 1685 Nam,
166 1640 216 1688 quod
230 1641 257 1678 ali
269 1640 349 1679 dederat
360 1640 438 1679 uitaleis
451 1642 501 1679 aeris
514 1652 572 1678 aures
613 1675 616 1678 .

88 1689 171 1728 Vulnere
183 1691 204 1729 iu
218 1704 251 1730 ore
262 1691 335 1739 licere,
347 1695 367 1730 11
380 1692 430 1730 coeli
441 1693 514 1742 templa
526 1691 584 1738 tueri,

88 1740 200 1779 Hocalieis
213 1747 256 1782 erat
268 1744 338 1791 exitio,
351 1745 450 1792 letumque
462 1745 552 1793 parabat.

112 1793 164 1830 Illud
176 1793 196 1830 iu
209 1795 242 1833 his
253 1796 312 1833 rebus
323 1795 457 1833 miserendum
469 1798 488 1833 11
500 1807 620 1845 magnopere
631 1807 692 1835 unum

59 1857 61 1859 ’
89 1842 228 1883 Acrur'nnabile
241 1849 294 1893 erat,
308 1847 370 1895 quod,
383 1846 419 1885 ubi
431 1860 451 1884 se
464 1848 544 1895 quisquc
558 1846 639 1886 ridebat
684 1847 736 1887 1230

55 1904 57 1906 ·
88 1895 208 1944 implicitum
220 1898 300 1945 morbo,
313 1899 372 1936 morli
385 1900 487 1936 damnatus
501 1905 521 1935 ut
534 1901 588 1949 esset¹

87 1946 184 1985 Deficiens
197 1949 273 1995 animo,
286 1953 360 1987 moesto
374 1963 418 1988 cum
432 1949 489 1987 eorde
501 1948 578 1986 iacebat

87 1997 166 2036 Funera
178 2004 297 2050 respectans,
312 2001 397 2039 animam
411 2004 431 2039 et
443 2000 533 2038 mittebat
544 1999 624 2038 ibidem.

114 2050 191 2100 Quippe
204 2052 274 2090 etenira
287 2053 341 2099 nullo
355 2054 456 2090 cessabant
468 2056 555 2101 tempore
567 2051 628 2101 apisci

63 2122 66 2125 -
86 2099 117 2138 Etr
129 2102 174 2141 aliis
187 2103 236 2142 alios
248 2103 302 2142 avidi
314 2103 405 2154 contagia
416 2102 488 2152 morbi,
685 2102 737 2143 1235

86 2151 195 2204 Lanigeras
206 2160 300 2205 tanquam
312 2156 394 2206 pecudes
407 2159 426 2194 11
438 2156 511 2194 bucera
523 2155 580 2194 secla.

86 2203 147 2252 quue
159 2207 192 2243 vel
203 2206 223 2244 in
236 2207 305 2256 primis
318 2208 431 2245 cumulabat
443 2208 512 2245 funere
525 2208 589 2247 mnus.

86 2253 137 2292 Nam
150 2256 293 2309 queiquomque
305 2271 350 2297 suos
362 2259 478 2309 fugitabant
486 2258 550 2296 virere
563 2259 589 2296 ad
601 2269 679 2311 aegros,

85 2306 137 2345 111111
147 2308 230 2355 nimium
244 2310 324 2360 cupidos
336 2312 443 2360 mortisque
455 2309 552 2350 timenteis

84 2356 183 2397 Poenibat
192 2363 259 2409 paullo
270 2365 314 2410 post
323 2362 378 2411 turpi
390 2366 454 2400 morte
464 2363 563 2411 malaque,
683 2358 734 2399 1240

85 2408 187 2458 uesanos,
201 2413 243 2461 opis
256 2414 361 2462 expcrteis,
374 2414 452 2453 incuria
463 2418 557 2452 mactans.

87 2459 138 2507 Quoi
150 2462 230 2502 fuerant
241 2470 312 2504 outem'
319 2470 409 2516 praesto,
422 2466 539 2517 contagibus
552 2465 606 2503 ibant

51 2525 167 2557 aucuerre-s.
565 2521 582 2557 P
