1690 2654
227 109 422 152 16116666
437 105 588 149 661666,
709 93 765 149 161

48 221 153 261 imitatum
172 232 227 267 esse,
242 232 304 271 quem
322 219 428 258 Walchius
445 218 562 262 Emendett.
579 216 624 256 Liv.
638 228 659 267 p.
669 216 696 256 58
705 227 731 254 ss.
743 214 766 252 in

50 274 129 325 aliquot
143 272 194 311 Livii
207 273 259 311 locis
276 272 389 310 defendere
400 270 480 317 studet,
494 272 528 309 vix
542 268 666 320 putaverim.
693 269 766 319 Longe

50 326 118 376 aptior
129 331 150 362 et
159 324 273 375 simplicior
281 324 346 375 igitur
355 324 438 361 videtur
448 322 539 374 vulgaris
549 319 711 372 interpungendi
719 333 766 357 mo-

50 372 138 426 dussex
152 389 192 427 quo
204 376 295 425 pecudes
307 375 445 421 domesticae,
457 374 479 410 in
491 373 565 424 quibus
575 380 595 410 et
605 379 711 420 armenta,
724 371 765 409 dis·

51 434 166 468 cernuntur
181 440 193 464 a
207 426 257 464 feris
269 426 401 474 animalibus,
415 438 505 476 quorum
517 423 565 462 illae
577 436 587 461 e
598 423 657 462 coelo
670 436 766 474 erumpe·

50 493 84 531 re,
97 479 150 518 haec
165 491 215 516 vero
229 478 310 515 incerto
323 484 386 527 partu
400 477 427 528 (i.
439 488 456 516 e.
467 489 492 514 ex
503 489 551 513 mee
563 476 647 527 quidem
657 476 765 524 sententia,

17 557 19 560 f
49 534 80 571 ita
92 538 116 569 ut
129 532 233 568 incertum
249 529 286 575 sit,
305 529 360 566 unde
374 528 478 580 originem
493 527 607 577 ducantet
621 534 766 576 procreentur,

50 596 92 621 non
108 593 171 626 vero,
185 581 291 631 quomodo
305 580 367 619 Wak.
381 593 430 619 cum
445 582 557 619 Burmann.
574 578 601 617 ad
614 580 766 627 56611156.

49 632 120 685 paullo
134 630 265 670 artificiosius
278 632 379 682 explicat,
392 639 438 670 uta
449 632 499 669 feris
510 631 581 670 bestiis
593 630 684 682 pecudes
695 631 767 669 dome-

50 684 125 729 sticae,
139 685 164 723 ab
176 684 288 723 bisantem
301 685 359 722 ferae
372 684 516 736 gignentum),
524 684 620 735 regiones
632 682 723 720 desertas
731 695 768 733 pa-

50 736 102 774 riter
113 748 138 772 ac
147 748 224 786 pascua
234 736 260 772 ab
270 736 388 773 hominibus
398 737 455 773 culta
463 734 581 772 inhabitare
591 734 649 773 credi
660 735 745 783 possint.

103 787 147 837 165.
174 788 276 837 tenerent]
294 789 324 825 sic
339 787 400 827 Wak.
415 786 767 834 6661661116311111611163,616611.

52 838 119 883 editt.;
133 838 209 890 vulgo,
223 838 358 887 etiamtiam,
372 850 454 878 teneret.
478 840 482 842 ’

81 910 83 912 ’
102 892 147 930 168.
176 893 251 941 Quippe
266 892 310 941 ubi]
325 891 417 929 formula
432 888 530 928 Lucretio
544 888 592 926 setis
605 889 682 926 usitate
697 889 768 936 (conf.

50 940 135 990 111431.
149 944 182 991 IV,
189 940 233 982 435.
241 944 304 991 666),
319 942 374 993 apud
388 942 440 979 alios
448 942 560 991 scriptores
570 939 638 978 rarius
648 939 714 989 obvie,
730 941 768 987 (ut

50 993 112 1093 lVirg.)
120 993 173 1033 Geo.
183 996 198 1043 Ι,
208 994 254 1034 505.
273 996 334 1046 Prop.
347 997 363 1044 I,
374 996 393 1044 9,
405 995 437 1032 27.
452 995 477 1039 ΙΙ,
489 994 507 1039 1,
517 993 561 1039 75„
582 991 618 1030 uhi
631 991 671 1030 vid.
686 992 768 1031 Brouk-

57 1057 95 1083 rus.
117 1056 119 1061 ·
253 1081 259 1085 .,
555 1081 559 1089 ,

55 1113 58 1115 ·
103 1095 148 1136 175.
174 1110 230 1149 qnur—
242 1095 373 1145 scripsimus,
393 1094 455 1133 Wak.
470 1100 598 1144 praeeunte,
626 1094 689 1134 Prisc.
707 1098 729 1143 I,
748 1099 767 1137 8.

51 1148 84 1199 (p.
96 1149 141 1187 560.
154 1148 186 1199 Ρ.)
201 1147 294 1197 aliosque
310 1145 460 1197 grammaticos
477 1145 571 1197 sequuti,
587 1147 657 1192 (conf.
672 1147 767 1188 schneid.

52 1200 90 1237 Gr.
99 1200 144 1235 Lat.
154 1200 170 1235 Ι.
182 1210 202 1248 p.
214 1199 253 1237 335
263 1196 301 1244 ss.)
316 1209 382 1248 eoque
397 1197 508 1247 libentius,
524 1210 589 1249 quum
598 1198 652 1237 haec
664 1200 769 1251 scriptura

50 1250 73 1287 in
86 1249 183 1287 Lucretio
197 1249 261 1287 etiam
277 1248 343 1288 Codd.
358 1249 466 1299 (inprimis
476 1250 524 1289 Brit.
535 1252 568 1299 8.)
581 1250 705 1290 auctoritate
718 1265 768 1290 con-

51 1302 154 1340 firmetur.
173 1300 231 1346 (Vid.
244 1300 304 1341 Wak.
315 1300 341 1338 ad
352 1303 386 1349 ΙΙΙ,
396 1299 440 1342 794.
455 1301 504 1342 coll.
515 1302 558 1350 ejus
569 1309 648 1344 annott.
658 1303 684 1342 ad
695 1305 766 1352 1263.
814 1317 816 1319 ·

52 1354 96 1394 326.
104 1350 148 1392 434.
160 1350 205 1392 450.
218 1355 243 1396 11,
252 1352 308 1392 1078,
320 1353 372 1402 etc.)

43 1428 45 1432 ν
104 1406 148 1444 176.
173 1405 283 1455 suadente]
297 1403 348 1443 Edd.
363 1404 408 1442 Ald.
427 1407 444 1444 1.
463 1410 483 1442 et
498 1406 547 1442 Bon.
561 1404 658 1454 sudante,
672 1413 767 1457 quaeest

52 1456 142 1507 vulgaris
158 1455 232 1503 lectio,
246 1456 272 1494 ab
291 1458 340 1494 Hau.
356 1469 438 1507 666666
453 1455 475 1493 16
492 1463 590 1494 contextu
605 1463 697 1503 servata,
716 1458 767 1497 licet

52 1506 97 1555 ipse
106 1507 192 1544 alteram
204 1508 311 1556 praeferat
322 1515 343 1545 et
353 1515 410 1546 recte
422 1508 582 1557 interpretetur:
595 1509 729 1558 impellente,
743 1516 767 1548 ut

53 1559 69 1604 I,
85 1555 128 1598 143.
145 1560 169 1608 ΙΙ,
188 1560 232 1612 171.
249 1562 282 1603 Vl,
295 1561 352 1600 1981.
371 1559 422 1599 Edd.
437 1562 484 1599 Ver.
498 1561 549 1600 ven.
565 1563 656 1601 suadere.
680 1561 766 1602 Salmas.

54 1609 106 1646 coni.
119 1624 157 1649 sua
168 1613 241 1656 «tante,
254 1610 418 1657 infelicissime„
589 1651 590 1654 ,
773 1643 776 1650 .

82 1686 86 1690 -
105 1662 148 1701 180.
173 1663 240 1702 116611.
254 1662 344 1712 conjecit
360 1678 429 1703 auras.
455 1663 495 1701 Sed
515 1663 573 1714 vide,
587 1676 640 1716 quae
656 1664 683 1703 ad
700 1677 719 1706 r.
733 1666 766 1706 23.

53 1710 207 1764 disputavimus.
538 1734 540 1737 >

104 1766 148 1804 187.
174 1767 268 1817 Laudant
289 1766 346 1805 huuc
363 1779 445 1806 versum
461 1767 530 1808 Veler.
545 1768 624 1806 Probus
639 1781 659 1818 p.
675 1764 732 1808 1138.
746 1775 767 1806 et

53 1815 213 1919 Maerictoriu.
223 1833 243 1870 p.
253 1821 310 1860 1960.
327 1820 421 1867 1616616,
440 1832 530 1872 quorum
542 1819 672 1871 illefnerant
684 1820 767 1859 exhibet

53 1880 91 1917 pro
107 1881 177 1909 terent.
223 1886 225 1889 ·

105 1922 148 1959 191.
174 1922 334 1975 Crescundoque]
349 1921 438 1960 11611661
454 1936 502 1961 cum
515 1923 591 1963 Eichst.
608 1916 715 1973 vulgatam
731 1921 765 1960 16-

53 1970 154 2019 ctionem,
169 1987 231 2024 quam
246 1974 321 2011 diserte
334 1974 431 2011 exhibent
448 1974 505 2013 editt.
520 1977 568 2018 Bon.
582 1973 626 2011 ild.
639 1975 657 2013 1.
669 1976 688 2014 2.
702 1978 764 2021 1661,

53 2028 124 2073 atque,
148 2031 173 2061 ut
189 2038 199 2063 e
214 2025 295 2063 silentio
311 2026 388 2063 horum
402 2025 495 2063 virorum
510 2025 581 2077 colligi
595 2031 673 2076 potest,
698 2026 728 2063 Pii
744 2033 766 2064 et

52 2074 146 2113 Lambini
158 2077 224 2116 Codd.
238 2078 314 2130 Negeri
324 2083 395 2114 tamen
405 2078 489 2127 nequit,
503 2076 589 2117 alteram
601 2082 682 2128 666666
691 2077 765 2116 166116-

52 2138 99 2163 nem
111 2133 273 2182 Crescentesqne,
288 2143 300 2167 a
312 2129 394 2168 Wakef.
406 2135 521 2179 receptam,
536 2129 637 2177 omnium,
652 2142 703 2180 quos
714 2132 764 2169 Hau.
810 2154 811 2160 .

53 2182 73 2214 et
83 2179 142 2216 Welr.
155 2181 296 2228 contulerunt,
312 2180 377 2219 Codd.
390 2187 411 2217 et
420 2180 477 2217 editt
488 2180 541 2220 Brix.
553 2183 600 2221 Ver.
610 2182 661 2218 Ven.
672 2181 765 2219 auctori·
823 2224 825 2227 v

52 2233 94 2267 tate
114 2232 193 2281 pariter
208 2239 270 2284 etque
285 2233 330 2284 ipsa
348 2231 470 2270 difficultate
485 2244 521 2270 sua
536 2232 597 2270 valde
613 2233 763 2271 commendari.

51 2280 176 2330 Explicenda
189 2291 259 2322 autem
270 2292 323 2329 esset
333 2297 381 2322 cum
391 2283 452 2322 Wak.
461 2284 502 2332 ita,
516 2290 551 2331 61,
564 2284 614 2321 11661
625 2289 692 2323 omnia
703 2297 763 2335 prae-

53 2335 141 2383 cesserit,
152 2348 163 2373 e
172 2348 190 2374 V.
202 2337 246 2384 185.
259 2348 371 2376 commuue
381 2336 498 2373 subiectum
508 2352 540 2375 res
549 2335 716 2387 subintelligatur
725 2347 763 2384 per

52 2386 132 2432 synesin
148 2388 244 2425 omnibus
259 2388 407 2438 scriptoribus,
428 2394 500 2430 nostro
515 2399 598 2438 666666
616 2387 661 2424 eliis
675 2388 696 2424 in
711 2385 761 2423 locis

53 2434 122 2493 (conf.
135 2438 195 2476 Wak.
212 2440 239 2477 ad
253 2442 268 2488 Ι,
281 2443 325 2481 283.
340 2440 385 2481 353.
402 2441 459 2479 1099.
472 2442 497 2487 ΙΙ,
513 2441 558 2479 908.
574 2445 594 2476 61
610 2438 701 2488 saepius)
714 2437 760 2473 satis
809 2453 811 2456 ·

52 2493 154 2531 us1tatam.
175 2490 248 2537 (Wak.
261 2490 439 2531 laudat-Perizon.
457 2491 484 2528 atl
501 2491 580 2541 sanctii
594 2491 679 2527 ltlinerv.
693 2491 707 2537 1,
721 2488 759 2535 18,

82 2558 197 2587 sucurritis,
588 2547 606 2595 Q
