<?xml version="1.0" encoding="UTF-8"?>
<!DOCTYPE html PUBLIC "-//W3C//DTD XHTML 1.0 Transitional//EN"
    "http://www.w3.org/TR/xhtml1/DTD/xhtml1-transitional.dtd">
<html xmlns="http://www.w3.org/1999/xhtml" xml:lang="en" lang="en">
 <head>
  <title>
</title>
<meta http-equiv="Content-Type" content="text/html;charset=utf-8" />
  <meta name='ocr-system' content='tesseract 3.04.00' />
  <meta name='ocr-capabilities' content='ocr_page ocr_carea ocr_par ocr_line ocrx_word'/>
</head>
<body>
  <div class='ocr_page' id='page_1' title='image "./MN40048ucmf_3_0238.png"; bbox 0 0 1690 2654; ppageno 0'>
   <div class='ocr_carea' id='block_1_1' title="bbox 89 78 610 147">
    <p class='ocr_par' dir='ltr' id='par_1_1' title="bbox 89 78 610 147">
     <span class='ocr_line' id='line_1_1' title="bbox 89 78 610 147; baseline 0.013 -9"><span class='ocrx_word' id='word_1_1' title='bbox 89 95 139 147; x_wconf 81' lang='lat'>154</span> <span class='ocrx_word' id='word_1_2' title='bbox 270 98 314 141; x_wconf 87' lang='lat' dir='ltr'>oa</span> <span class='ocrx_word' id='word_1_3' title='bbox 330 78 610 145; x_wconf 81' lang='lat' dir='ltr'>unaunurrunu</span> 
     </span>
    </p>
   </div>
   <div class='ocr_carea' id='block_1_2' title="bbox 62 206 758 2497">
    <p class='ocr_par' dir='ltr' id='par_1_2' title="bbox 62 206 758 2497">
     <span class='ocr_line' id='line_1_2' title="bbox 139 206 690 262; baseline 0.007 -13"><span class='ocrx_word' id='word_1_4' title='bbox 139 207 242 260; x_wconf 75' lang='lat' dir='ltr'>Terraque</span> <span class='ocrx_word' id='word_1_5' title='bbox 255 213 316 260; x_wconf 81' lang='lat' dir='ltr'>quom</span> <span class='ocrx_word' id='word_1_6' title='bbox 328 208 408 262; x_wconf 82' lang='lat' dir='ltr'>fumans</span> <span class='ocrx_word' id='word_1_7' title='bbox 420 208 526 249; x_wconf 84' lang='lat' dir='ltr'>humorem</span> <span class='ocrx_word' id='word_1_8' title='bbox 538 212 580 251; x_wconf 85' lang='lat' dir='ltr'>tota</span> <span class='ocrx_word' id='word_1_9' title='bbox 592 206 690 254; x_wconf 78' lang='lat' dir='ltr'>rcdlralet.</span> 
     </span>
     <span class='ocr_line' id='line_1_3' title="bbox 164 262 696 315; baseline 0.008 -15"><span class='ocrx_word' id='word_1_10' title='bbox 164 262 212 308; x_wconf 77' lang='lat' dir='ltr'>Hic,</span> <span class='ocrx_word' id='word_1_11' title='bbox 224 262 260 300; x_wconf 89' lang='lat' dir='ltr'>ubi</span> <span class='ocrx_word' id='word_1_12' title='bbox 273 263 303 300; x_wconf 92' lang='lat' dir='ltr'>sol</span> <span class='ocrx_word' id='word_1_13' title='bbox 315 262 382 311; x_wconf 83' lang='lat' dir='ltr'>radiis,</span> <span class='ocrx_word' id='word_1_14' title='bbox 395 264 530 313; x_wconf 77' lang='lat' dir='ltr'>tempestatem</span> <span class='ocrx_word' id='word_1_15' title='bbox 542 262 594 313; x_wconf 87' lang='lat' dir='ltr'>inter</span> <span class='ocrx_word' id='word_1_16' title='bbox 606 275 696 315; x_wconf 83' lang='lat' dir='ltr'>opacam,</span> 
     </span>
     <span class='ocr_line' id='line_1_4' title="bbox 86 307 633 365; baseline -0.002 -10"><span class='ocrx_word' id='word_1_17' title='bbox 86 307 228 355; x_wconf 68' lang='lat' dir='ltr'>alaunense</span> <span class='ocrx_word' id='word_1_18' title='bbox 241 313 297 353; x_wconf 80' lang='lat' dir='ltr'>fulsit</span> <span class='ocrx_word' id='word_1_19' title='bbox 311 314 424 353; x_wconf 84' lang='lat' dir='ltr'><strong>nimborum</strong></span> <span class='ocrx_word' id='word_1_20' title='bbox 437 314 544 365; x_wconf 74' lang='lat' dir='ltr'>aspergine</span> <span class='ocrx_word' id='word_1_21' title='bbox 555 317 633 363; x_wconf 79' lang='lat' dir='ltr'>contra3</span> 
     </span>
     <span class='ocr_line' id='line_1_5' title="bbox 138 365 700 417; baseline -0.002 -10"><span class='ocrx_word' id='word_1_22' title='bbox 138 365 294 407; x_wconf 70' lang='lat' dir='ltr'>Tum&#39;colorin</span> <span class='ocrx_word' id='word_1_23' title='bbox 306 366 369 417; x_wconf 85' lang='lat' dir='ltr'>nigris</span> <span class='ocrx_word' id='word_1_24' title='bbox 383 365 459 406; x_wconf 80' lang='lat' dir='ltr'>exsistit</span> <span class='ocrx_word' id='word_1_25' title='bbox 469 365 555 406; x_wconf 85' lang='lat' dir='ltr'>nubibus</span> <span class='ocrx_word' id='word_1_26' title='bbox 565 366 629 417; x_wconf 83' lang='lat' dir='ltr'>arqui.</span> <span class='ocrx_word' id='word_1_27' title='bbox 671 390 672 393; x_wconf 62' lang='lat'><em>=</em></span> <span class='ocrx_word' id='word_1_28' title='bbox 699 397 700 401; x_wconf 66' lang='lat'>,</span> 
     </span>
     <span class='ocr_line' id='line_1_6' title="bbox 165 418 748 481; baseline 0.01 -25"><span class='ocrx_word' id='word_1_29' title='bbox 165 418 245 467; x_wconf 80' lang='lat' dir='ltr'>Cetera,</span> <span class='ocrx_word' id='word_1_30' title='bbox 257 429 309 468; x_wconf 86' lang='lat' dir='ltr'>quae</span> <span class='ocrx_word' id='word_1_31' title='bbox 321 431 401 458; x_wconf 87' lang='lat' dir='ltr'>sursum</span> <span class='ocrx_word' id='word_1_32' title='bbox 413 422 509 466; x_wconf 82' lang='lat' dir='ltr'>arescunt,</span> <span class='ocrx_word' id='word_1_33' title='bbox 522 430 637 469; x_wconf 81' lang='lat' dir='ltr'>sursumque</span> <span class='ocrx_word' id='word_1_34' title='bbox 649 420 748 481; x_wconf 45' lang='lat' dir='ltr'>creantem</span> 
     </span>
     <span class='ocr_line' id='line_1_7' title="bbox 121 469 697 521; baseline 0.005 -12"><span class='ocrx_word' id='word_1_35' title='bbox 121 474 123 477; x_wconf 83' lang='grc'><strong>’</strong></span> <span class='ocrx_word' id='word_1_36' title='bbox 138 469 173 518; x_wconf 79' lang='lat' dir='ltr'>Et,</span> <span class='ocrx_word' id='word_1_37' title='bbox 185 482 238 520; x_wconf 87' lang='lat' dir='ltr'>quae</span> <span class='ocrx_word' id='word_1_38' title='bbox 250 470 410 510; x_wconf 82' lang='lat' dir='ltr'>concrescunt&#39;in</span> <span class='ocrx_word' id='word_1_39' title='bbox 422 471 508 509; x_wconf 81' lang='lat' dir='ltr'>nubibus</span> <span class='ocrx_word' id='word_1_40' title='bbox 521 471 594 521; x_wconf 86' lang='lat' dir='ltr'>omnia,</span> <span class='ocrx_word' id='word_1_41' title='bbox 606 484 697 521; x_wconf 85' lang='lat' dir='ltr'>prorsum</span> 
     </span>
     <span class='ocr_line' id='line_1_8' title="bbox 140 520 682 575; baseline 0.002 -13"><span class='ocrx_word' id='word_1_42' title='bbox 140 522 220 573; x_wconf 86' lang='lat' dir='ltr'>Omnia,</span> <span class='ocrx_word' id='word_1_43' title='bbox 233 522 274 570; x_wconf 85' lang='lat' dir='ltr'>nix,</span> <span class='ocrx_word' id='word_1_44' title='bbox 286 523 358 570; x_wconf 85' lang='lat' dir='ltr'>ventei,</span> <span class='ocrx_word' id='word_1_45' title='bbox 371 523 454 575; x_wconf 83' lang='lat' dir='ltr'>grando,</span> <span class='ocrx_word' id='word_1_46' title='bbox 466 520 582 575; x_wconf 76' lang='lat' dir='ltr'>gelidaeque</span> <span class='ocrx_word' id='word_1_47' title='bbox 594 524 682 573; x_wconf 78' lang='lat' dir='ltr'>pruinae,</span> 
     </span>
     <span class='ocr_line' id='line_1_9' title="bbox 86 567 692 627; baseline 0.008 -16"><span class='ocrx_word' id='word_1_48' title='bbox 86 567 128 613; x_wconf 81' lang='grc'>530</span> <span class='ocrx_word' id='word_1_49' title='bbox 140 575 167 616; x_wconf 87' lang='lat' dir='ltr'>Et</span> <span class='ocrx_word' id='word_1_50' title='bbox 179 574 210 613; x_wconf 79' lang='lat' dir='ltr'>vis</span> <span class='ocrx_word' id='word_1_51' title='bbox 222 586 297 626; x_wconf 89' lang='lat' dir='ltr'>magua</span> <span class='ocrx_word' id='word_1_52' title='bbox 309 575 357 626; x_wconf 83' lang='lat' dir='ltr'>geli,</span> <span class='ocrx_word' id='word_1_53' title='bbox 370 587 467 626; x_wconf 87' lang='lat' dir='ltr'>maguum</span> <span class='ocrx_word' id='word_1_54' title='bbox 481 575 575 614; x_wconf 89' lang='lat' dir='ltr'>duramen</span> <span class='ocrx_word' id='word_1_55' title='bbox 587 588 692 627; x_wconf 83' lang='lat' dir='ltr'>aquarum,</span> 
     </span>
     <span class='ocr_line' id='line_1_10' title="bbox 139 626 678 676; baseline 0.006 -10"><span class='ocrx_word' id='word_1_56' title='bbox 139 629 167 667; x_wconf 88' lang='lat' dir='ltr'>Et</span> <span class='ocrx_word' id='word_1_57' title='bbox 179 638 243 673; x_wconf 89' lang='lat' dir='ltr'>mora,</span> <span class='ocrx_word' id='word_1_58' title='bbox 256 639 306 676; x_wconf 89' lang='lat' dir='ltr'>quae</span> <span class='ocrx_word' id='word_1_59' title='bbox 318 627 389 665; x_wconf 88' lang='lat' dir='ltr'>fluvios</span> <span class='ocrx_word' id='word_1_60' title='bbox 402 626 475 676; x_wconf 88' lang='lat' dir='ltr'>passim</span> <span class='ocrx_word' id='word_1_61' title='bbox 487 627 573 666; x_wconf 73' lang='lat' dir='ltr'>refrenat</span> <span class='ocrx_word' id='word_1_62' title='bbox 585 628 678 669; x_wconf 79' lang='lat' dir='ltr'>aventeis.</span> 
     </span>
     <span class='ocr_line' id='line_1_11' title="bbox 139 677 727 731; baseline 0.002 -12"><span class='ocrx_word' id='word_1_63' title='bbox 139 678 240 719; x_wconf 80' lang='lat' dir='ltr'>Perfacile</span> <span class='ocrx_word' id='word_1_64' title='bbox 252 680 282 717; x_wconf 81' lang='lat' dir='ltr'>est</span> <span class='ocrx_word' id='word_1_65' title='bbox 294 681 361 716; x_wconf 83' lang='lat' dir='ltr'>tamen</span> <span class='ocrx_word' id='word_1_66' title='bbox 374 679 425 716; x_wconf 89' lang='lat' dir='ltr'>haec</span> <span class='ocrx_word' id='word_1_67' title='bbox 436 677 525 729; x_wconf 89' lang='lat' dir='ltr'>reperire</span> <span class='ocrx_word' id='word_1_68' title='bbox 537 677 727 731; x_wconf 71' lang='lat' dir='ltr'>animoque&#39;viderc,</span> 
     </span>
     <span class='ocr_line' id='line_1_12' title="bbox 139 728 623 781; baseline 0 -12"><span class='ocrx_word' id='word_1_69' title='bbox 139 730 213 769; x_wconf 83' lang='lat' dir='ltr'>Omnia</span> <span class='ocrx_word' id='word_1_70' title='bbox 226 741 264 779; x_wconf 87' lang='lat' dir='ltr'>quo</span> <span class='ocrx_word' id='word_1_71' title='bbox 277 734 337 780; x_wconf 87' lang='lat' dir='ltr'>pacto</span> <span class='ocrx_word' id='word_1_72' title='bbox 348 728 404 778; x_wconf 85' lang='lat' dir='ltr'>fiant,</span> <span class='ocrx_word' id='word_1_73' title='bbox 417 740 515 779; x_wconf 84' lang='lat' dir='ltr'>quareve</span> <span class='ocrx_word' id='word_1_74' title='bbox 528 733 623 781; x_wconf 86' lang='lat' dir='ltr'>creentur,</span> 
     </span>
     <span class='ocr_line' id='line_1_13' title="bbox 139 781 713 835; baseline 0.003 -14"><span class='ocrx_word' id='word_1_75' title='bbox 139 783 207 835; x_wconf 77' lang='lat' dir='ltr'>Quom</span> <span class='ocrx_word' id='word_1_76' title='bbox 218 782 268 821; x_wconf 80' lang='lat' dir='ltr'>bene</span> <span class='ocrx_word' id='word_1_77' title='bbox 280 781 379 834; x_wconf 89' lang='lat' dir='ltr'>cognoris,</span> <span class='ocrx_word' id='word_1_78' title='bbox 392 781 504 822; x_wconf 86' lang='lat' dir='ltr'>elementeis</span> <span class='ocrx_word' id='word_1_79' title='bbox 515 781 592 822; x_wconf 88' lang='lat' dir='ltr'>reddita</span> <span class='ocrx_word' id='word_1_80' title='bbox 605 787 656 834; x_wconf 85' lang='lat' dir='ltr'>quae</span> <span class='ocrx_word' id='word_1_81' title='bbox 668 782 713 825; x_wconf 86' lang='lat' dir='ltr'>siut.</span> 
     </span>
     <span class='ocr_line' id='line_1_14' title="bbox 85 828 675 886; baseline 0 -12"><span class='ocrx_word' id='word_1_82' title='bbox 85 828 127 874; x_wconf 78' lang='grc'>535</span> <span class='ocrx_word' id='word_1_83' title='bbox 164 831 222 875; x_wconf 85' lang='lat' dir='ltr'>Nunc</span> <span class='ocrx_word' id='word_1_84' title='bbox 233 846 278 886; x_wconf 86' lang='lat' dir='ltr'>age,</span> <span class='ocrx_word' id='word_1_85' title='bbox 292 846 344 885; x_wconf 88' lang='lat' dir='ltr'>quae</span> <span class='ocrx_word' id='word_1_86' title='bbox 356 833 408 874; x_wconf 89' lang='lat' dir='ltr'>ratio</span> <span class='ocrx_word' id='word_1_87' title='bbox 420 836 481 874; x_wconf 86' lang='lat' dir='ltr'>terrai</span> <span class='ocrx_word' id='word_1_88' title='bbox 493 834 581 885; x_wconf 81' lang='lat' dir='ltr'>motibus</span> <span class='ocrx_word' id='word_1_89' title='bbox 593 838 660 886; x_wconf 83' lang='lat' dir='ltr'>exstet,</span> <span class='ocrx_word' id='word_1_90' title='bbox 673 846 675 850; x_wconf 84' lang='grc'><strong>’</strong></span> 
     </span>
     <span class='ocr_line' id='line_1_15' title="bbox 137 886 738 939; baseline 0 -11"><span class='ocrx_word' id='word_1_91' title='bbox 137 886 232 939; x_wconf 82' lang='lat' dir='ltr'>Percipe:</span> <span class='ocrx_word' id='word_1_92' title='bbox 245 890 264 927; x_wconf 91' lang='lat' dir='ltr'>et</span> <span class='ocrx_word' id='word_1_93' title='bbox 276 886 375 937; x_wconf 82' lang='lat' dir='ltr'>inprimis</span> <span class='ocrx_word' id='word_1_94' title='bbox 389 890 464 926; x_wconf 84' lang='lat' dir='ltr'>terram</span> <span class='ocrx_word' id='word_1_95' title='bbox 474 888 520 927; x_wconf 81' lang='lat' dir='ltr'>face</span> <span class='ocrx_word' id='word_1_96' title='bbox 532 890 557 925; x_wconf 76' lang='lat' dir='ltr'>ut&#39;</span> <span class='ocrx_word' id='word_1_97' title='bbox 566 899 608 927; x_wconf 81' lang='lat' dir='ltr'>erse</span> <span class='ocrx_word' id='word_1_98' title='bbox 619 886 683 935; x_wconf 85' lang='lat' dir='ltr'>rearis</span> <span class='ocrx_word' id='word_1_99' title='bbox 736 890 738 893; x_wconf 82' lang='grc'><strong>’</strong></span> 
     </span>
     <span class='ocr_line' id='line_1_16' title="bbox 137 938 691 990; baseline 0.005 -12"><span class='ocrx_word' id='word_1_100' title='bbox 137 938 211 978; x_wconf 85' lang='lat' dir='ltr'>Subter</span> <span class='ocrx_word' id='word_1_101' title='bbox 223 938 279 987; x_wconf 87' lang='lat' dir='ltr'>item,</span> <span class='ocrx_word' id='word_1_102' title='bbox 291 943 314 978; x_wconf 95' lang='lat' dir='ltr'>ut</span> <span class='ocrx_word' id='word_1_103' title='bbox 325 951 401 990; x_wconf 79' lang='lat' dir='ltr'>supera,</span> <span class='ocrx_word' id='word_1_104' title='bbox 414 939 501 979; x_wconf 74' lang='lat' dir='ltr'>ventosis</span> <span class='ocrx_word' id='word_1_105' title='bbox 512 939 691 990; x_wconf 81' lang='lat' dir='ltr'>undique&#39;plenam</span> 
     </span>
     <span class='ocr_line' id='line_1_17' title="bbox 138 990 667 1042; baseline 0.006 -13"><span class='ocrx_word' id='word_1_106' title='bbox 138 990 253 1041; x_wconf 79' lang='lat' dir='ltr'>Speluncis3</span> <span class='ocrx_word' id='word_1_107' title='bbox 265 992 376 1042; x_wconf 85' lang='lat' dir='ltr'>multosque</span> <span class='ocrx_word' id='word_1_108' title='bbox 390 992 445 1031; x_wconf 88' lang='lat' dir='ltr'>lacus</span> <span class='ocrx_word' id='word_1_109' title='bbox 457 993 570 1041; x_wconf 84' lang='lat' dir='ltr'>multasque</span> <span class='ocrx_word' id='word_1_110' title='bbox 579 993 667 1032; x_wconf 73' lang='lat' dir='ltr'>&#39;lacunas</span> 
     </span>
     <span class='ocr_line' id='line_1_18' title="bbox 136 1042 629 1095; baseline 0.006 -13"><span class='ocrx_word' id='word_1_111' title='bbox 136 1042 162 1083; x_wconf 88' lang='lat' dir='ltr'>lu</span> <span class='ocrx_word' id='word_1_112' title='bbox 171 1042 249 1094; x_wconf 89' lang='lat' dir='ltr'>gremio</span> <span class='ocrx_word' id='word_1_113' title='bbox 260 1055 331 1094; x_wconf 82' lang='lat' dir='ltr'>gerere</span> <span class='ocrx_word' id='word_1_114' title='bbox 339 1046 359 1083; x_wconf 77' lang='lat' dir='ltr'>et</span> <span class='ocrx_word' id='word_1_115' title='bbox 367 1042 433 1093; x_wconf 81' lang='lat' dir='ltr'>rupeis</span> <span class='ocrx_word' id='word_1_116' title='bbox 443 1043 561 1095; x_wconf 85' lang='lat' dir='ltr'>diruptaque</span> <span class='ocrx_word' id='word_1_117' title='bbox 569 1056 629 1094; x_wconf 77' lang='lat' dir='ltr'>saxa3</span> 
     </span>
     <span class='ocr_line' id='line_1_19' title="bbox 85 1087 643 1147; baseline 0.007 -15"><span class='ocrx_word' id='word_1_118' title='bbox 85 1087 127 1132; x_wconf 78' lang='grc'>540</span> <span class='ocrx_word' id='word_1_119' title='bbox 138 1095 245 1146; x_wconf 78' lang='lat' dir='ltr'>Multaque</span> <span class='ocrx_word' id='word_1_120' title='bbox 257 1096 293 1135; x_wconf 82' lang='lat' dir='ltr'>sub</span> <span class='ocrx_word' id='word_1_121' title='bbox 307 1099 363 1147; x_wconf 90' lang='lat' dir='ltr'>tergo</span> <span class='ocrx_word' id='word_1_122' title='bbox 376 1096 436 1135; x_wconf 85' lang='lat' dir='ltr'>terrai</span> <span class='ocrx_word' id='word_1_123' title='bbox 448 1096 531 1135; x_wconf 85' lang='lat' dir='ltr'>flumina</span> <span class='ocrx_word' id='word_1_124' title='bbox 545 1099 596 1136; x_wconf 87' lang='lat' dir='ltr'>tecta</span> <span class='ocrx_word' id='word_1_125' title='bbox 642 1123 643 1126; x_wconf 57' lang='lat'><em>=</em></span> 
     </span>
     <span class='ocr_line' id='line_1_20' title="bbox 138 1146 727 1198; baseline 0.01 -14"><span class='ocrx_word' id='word_1_126' title='bbox 138 1148 223 1186; x_wconf 80' lang='lat' dir='ltr'>Volverc</span> <span class='ocrx_word' id='word_1_127' title='bbox 235 1146 258 1185; x_wconf 81' lang='lat' dir='ltr'>vi</span> <span class='ocrx_word' id='word_1_128' title='bbox 269 1148 341 1186; x_wconf 79' lang='lat' dir='ltr'>fluctus</span> <span class='ocrx_word' id='word_1_129' title='bbox 353 1149 494 1197; x_wconf 81' lang='lat' dir='ltr'>submersaque</span> <span class='ocrx_word' id='word_1_130' title='bbox 506 1151 554 1187; x_wconf 82' lang='lat' dir='ltr'>saxa</span> <span class='ocrx_word' id='word_1_131' title='bbox 565 1146 675 1198; x_wconf 86' lang='lat' dir='ltr'>putandum</span> <span class='ocrx_word' id='word_1_132' title='bbox 686 1148 727 1189; x_wconf 77' lang='lat' dir='ltr'>esa</span> 
     </span>
     <span class='ocr_line' id='line_1_21' title="bbox 139 1195 702 1251; baseline 0.002 -12"><span class='ocrx_word' id='word_1_133' title='bbox 139 1195 230 1249; x_wconf 83' lang='lat' dir='ltr'>Undique</span> <span class='ocrx_word' id='word_1_134' title='bbox 242 1198 296 1238; x_wconf 89' lang='lat' dir='ltr'>enim</span> <span class='ocrx_word' id='word_1_135' title='bbox 307 1199 397 1238; x_wconf 83' lang='lat' dir='ltr'>similem‘</span> <span class='ocrx_word' id='word_1_136' title='bbox 405 1212 448 1238; x_wconf 86' lang='lat' dir='ltr'>esse</span> <span class='ocrx_word' id='word_1_137' title='bbox 459 1199 497 1247; x_wconf 87' lang='lat' dir='ltr'>sui,</span> <span class='ocrx_word' id='word_1_138' title='bbox 513 1212 545 1238; x_wconf 86' lang='lat' dir='ltr'>res</span> <span class='ocrx_word' id='word_1_139' title='bbox 557 1201 644 1250; x_wconf 87' lang='lat' dir='ltr'>postulat</span> <span class='ocrx_word' id='word_1_140' title='bbox 652 1200 702 1251; x_wconf 82' lang='lat' dir='ltr'>ipsa.</span> 
     </span>
     <span class='ocr_line' id='line_1_22' title="bbox 164 1250 630 1302; baseline 0 -12"><span class='ocrx_word' id='word_1_141' title='bbox 164 1251 203 1290; x_wconf 86' lang='lat' dir='ltr'>His</span> <span class='ocrx_word' id='word_1_142' title='bbox 215 1250 277 1302; x_wconf 86' lang='lat' dir='ltr'>igitur</span> <span class='ocrx_word' id='word_1_143' title='bbox 288 1252 354 1299; x_wconf 82' lang='lat' dir='ltr'>rebus</span> <span class='ocrx_word' id='word_1_144' title='bbox 360 1250 467 1290; x_wconf 85' lang='lat' dir='ltr'>subiunctis</span> <span class='ocrx_word' id='word_1_145' title='bbox 480 1251 630 1301; x_wconf 72' lang='lat' dir='ltr'>suppositisque,</span> 
     </span>
     <span class='ocr_line' id='line_1_23' title="bbox 84 1301 709 1354; baseline 0.002 -13"><span class='ocrx_word' id='word_1_146' title='bbox 84 1312 87 1315; x_wconf 85' lang='lat'>&#39;</span> <span class='ocrx_word' id='word_1_147' title='bbox 138 1301 204 1342; x_wconf 85' lang='lat' dir='ltr'>Terra</span> <span class='ocrx_word' id='word_1_148' title='bbox 216 1314 300 1352; x_wconf 88' lang='lat' dir='ltr'>superne</span> <span class='ocrx_word' id='word_1_149' title='bbox 311 1301 385 1351; x_wconf 65' lang='lat' dir='ltr'>tremit</span> <span class='ocrx_word' id='word_1_150' title='bbox 396 1301 475 1354; x_wconf 86' lang='lat' dir='ltr'>maguis</span> <span class='ocrx_word' id='word_1_151' title='bbox 487 1314 580 1342; x_wconf 88' lang='lat' dir='ltr'>concussa</span> <span class='ocrx_word' id='word_1_152' title='bbox 590 1301 654 1343; x_wconf 78' lang='lat' dir='ltr'>ruinis</span> <span class='ocrx_word' id='word_1_153' title='bbox 675 1320 683 1327; x_wconf 41' lang='grc' dir='ltr'><em>ν</em></span> <span class='ocrx_word' id='word_1_154' title='bbox 704 1303 709 1322; x_wconf 70' lang='lat'><em>³</em></span> 
     </span>
     <span class='ocr_line' id='line_1_24' title="bbox 85 1348 648 1406; baseline 0.002 -15"><span class='ocrx_word' id='word_1_155' title='bbox 85 1348 126 1393; x_wconf 78' lang='grc'>545</span> <span class='ocrx_word' id='word_1_156' title='bbox 138 1355 217 1404; x_wconf 85' lang='lat' dir='ltr'>Subter‚</span> <span class='ocrx_word' id='word_1_157' title='bbox 230 1353 266 1393; x_wconf 89' lang='lat' dir='ltr'>ubi</span> <span class='ocrx_word' id='word_1_158' title='bbox 278 1354 374 1406; x_wconf 87' lang='lat' dir='ltr'>ingcutcis</span> <span class='ocrx_word' id='word_1_159' title='bbox 385 1355 486 1405; x_wconf 76' lang='lat' dir='ltr'>speluncas</span> <span class='ocrx_word' id='word_1_160' title='bbox 497 1355 574 1402; x_wconf 84' lang='lat' dir='ltr'>subruit</span> <span class='ocrx_word' id='word_1_161' title='bbox 583 1359 648 1394; x_wconf 84' lang='lat' dir='ltr'>aetas:</span> 
     </span>
     <span class='ocr_line' id='line_1_25' title="bbox 138 1405 675 1458; baseline -0.002 -12"><span class='ocrx_word' id='word_1_162' title='bbox 138 1405 221 1457; x_wconf 75' lang='lat' dir='ltr'>Quippe</span> <span class='ocrx_word' id='word_1_163' title='bbox 229 1407 301 1446; x_wconf 88' lang='lat' dir='ltr'>cadunt</span> <span class='ocrx_word' id='word_1_164' title='bbox 313 1405 362 1445; x_wconf 89' lang='lat' dir='ltr'>totci</span> <span class='ocrx_word' id='word_1_165' title='bbox 373 1411 455 1452; x_wconf 79' lang='lat' dir='ltr'>montes,</span> <span class='ocrx_word' id='word_1_166' title='bbox 471 1409 583 1458; x_wconf 85' lang='lat' dir='ltr'>magnoque</span> <span class='ocrx_word' id='word_1_167' title='bbox 595 1406 675 1457; x_wconf 81' lang='lat' dir='ltr'>repente</span> 
     </span>
     <span class='ocr_line' id='line_1_26' title="bbox 138 1458 604 1510; baseline -0.002 -12"><span class='ocrx_word' id='word_1_168' title='bbox 138 1460 238 1505; x_wconf 82' lang='lat' dir='ltr'>Gonoussu</span> <span class='ocrx_word' id='word_1_169' title='bbox 250 1459 292 1498; x_wconf 83' lang='lat' dir='ltr'>late</span> <span class='ocrx_word' id='word_1_170' title='bbox 304 1459 414 1510; x_wconf 83' lang='lat' dir='ltr'>disserpunt</span> <span class='ocrx_word' id='word_1_171' title='bbox 426 1458 472 1497; x_wconf 89' lang='lat' dir='ltr'>iude</span> <span class='ocrx_word' id='word_1_172' title='bbox 484 1462 591 1498; x_wconf 83' lang='lat' dir='ltr'>tremores:</span> <span class='ocrx_word' id='word_1_173' title='bbox 602 1496 604 1498; x_wconf 87' lang='grc'><strong>,</strong></span> 
     </span>
     <span class='ocr_line' id='line_1_27' title="bbox 137 1510 741 1561; baseline 0 -10"><span class='ocrx_word' id='word_1_174' title='bbox 137 1513 164 1551; x_wconf 82' lang='lat' dir='ltr'>Et</span> <span class='ocrx_word' id='word_1_175' title='bbox 176 1511 258 1558; x_wconf 87' lang='lat' dir='ltr'>merito;</span> <span class='ocrx_word' id='word_1_176' title='bbox 272 1510 372 1561; x_wconf 87' lang='lat' dir='ltr'>quoniam,</span> <span class='ocrx_word' id='word_1_177' title='bbox 384 1511 477 1561; x_wconf 86' lang='lat' dir='ltr'>plaustris</span> <span class='ocrx_word' id='word_1_178' title='bbox 490 1523 589 1558; x_wconf 81' lang='lat' dir='ltr'>concussa,</span> <span class='ocrx_word' id='word_1_179' title='bbox 603 1513 721 1554; x_wconf 81' lang='lat' dir='ltr'>tremescunt</span> <span class='ocrx_word' id='word_1_180' title='bbox 739 1536 741 1538; x_wconf 59' lang='lat'>&gt;</span> 
     </span>
     <span class='ocr_line' id='line_1_28' title="bbox 138 1562 666 1614; baseline -0.004 -12"><span class='ocrx_word' id='word_1_181' title='bbox 138 1563 203 1603; x_wconf 81' lang='lat' dir='ltr'>Tecta</span> <span class='ocrx_word' id='word_1_182' title='bbox 217 1562 272 1602; x_wconf 79' lang='lat' dir='ltr'>uiam</span> <span class='ocrx_word' id='word_1_183' title='bbox 280 1565 363 1613; x_wconf 74' lang='lat' dir='ltr'>‘propter</span> <span class='ocrx_word' id='word_1_184' title='bbox 375 1575 414 1601; x_wconf 87' lang='lat' dir='ltr'>nou</span> <span class='ocrx_word' id='word_1_185' title='bbox 428 1575 502 1614; x_wconf 83' lang='lat' dir='ltr'>magno</span> <span class='ocrx_word' id='word_1_186' title='bbox 514 1563 601 1613; x_wconf 87' lang='lat' dir='ltr'>pondere</span> <span class='ocrx_word' id='word_1_187' title='bbox 612 1566 666 1608; x_wconf 80' lang='lat' dir='ltr'>tota3</span> 
     </span>
     <span class='ocr_line' id='line_1_29' title="bbox 85 1607 743 1664; baseline 0 -12"><span class='ocrx_word' id='word_1_188' title='bbox 85 1607 126 1652; x_wconf 89' lang='grc'>550</span> <span class='ocrx_word' id='word_1_189' title='bbox 139 1614 180 1655; x_wconf 90' lang='lat' dir='ltr'>Nec</span> <span class='ocrx_word' id='word_1_190' title='bbox 192 1614 258 1654; x_wconf 82' lang='lat' dir='ltr'>minus</span> <span class='ocrx_word' id='word_1_191' title='bbox 270 1615 367 1663; x_wconf 74' lang='lat' dir='ltr'>exsultant</span> <span class='ocrx_word' id='word_1_192' title='bbox 379 1612 447 1662; x_wconf 55' lang='lat' dir='ltr'>aeden</span> <span class='ocrx_word' id='word_1_193' title='bbox 456 1614 592 1664; x_wconf 81' lang='lat' dir='ltr'>ubiquumque</span> <span class='ocrx_word' id='word_1_194' title='bbox 604 1612 692 1664; x_wconf 87' lang='lat' dir='ltr'>equitum</span> <span class='ocrx_word' id='word_1_195' title='bbox 706 1612 743 1655; x_wconf 72' lang='lat' dir='ltr'>‘vis</span> 
     </span>
     <span class='ocr_line' id='line_1_30' title="bbox 139 1665 642 1716; baseline -0.006 -9"><span class='ocrx_word' id='word_1_196' title='bbox 139 1667 234 1707; x_wconf 82' lang='lat' dir='ltr'>Ferratus</span> <span class='ocrx_word' id='word_1_197' title='bbox 242 1665 334 1715; x_wconf 85' lang='lat' dir='ltr'>utrinque</span> <span class='ocrx_word' id='word_1_198' title='bbox 342 1668 431 1716; x_wconf 88' lang='lat' dir='ltr'>rotarum</span> <span class='ocrx_word' id='word_1_199' title='bbox 440 1666 523 1709; x_wconf 83' lang='lat' dir='ltr'>succutit</span> <span class='ocrx_word' id='word_1_200' title='bbox 534 1666 606 1706; x_wconf 88' lang='lat' dir='ltr'>orbeis.</span> <span class='ocrx_word' id='word_1_201' title='bbox 640 1693 642 1697; x_wconf 30' lang='grc' dir='ltr'><strong><em>ι</em></strong></span> 
     </span>
     <span class='ocr_line' id='line_1_31' title="bbox 164 1717 758 1768; baseline 0.005 -11"><span class='ocrx_word' id='word_1_202' title='bbox 164 1718 199 1757; x_wconf 86' lang='lat' dir='ltr'>Fit</span> <span class='ocrx_word' id='word_1_203' title='bbox 211 1729 294 1768; x_wconf 85' lang='lat' dir='ltr'>quoque,</span> <span class='ocrx_word' id='word_1_204' title='bbox 309 1717 345 1756; x_wconf 89' lang='lat' dir='ltr'>ubi</span> <span class='ocrx_word' id='word_1_205' title='bbox 357 1725 441 1768; x_wconf 86' lang='lat' dir='ltr'>magnas</span> <span class='ocrx_word' id='word_1_206' title='bbox 452 1717 479 1755; x_wconf 82' lang='lat' dir='ltr'>iu&#39;</span> <span class='ocrx_word' id='word_1_207' title='bbox 486 1728 550 1766; x_wconf 87' lang='lat' dir='ltr'>aquae</span> <span class='ocrx_word' id='word_1_208' title='bbox 561 1719 667 1766; x_wconf 78' lang='lat' dir='ltr'>vastasque</span> <span class='ocrx_word' id='word_1_209' title='bbox 678 1717 758 1760; x_wconf 75' lang='lat' dir='ltr'>neruus</span> 
     </span>
     <span class='ocr_line' id='line_1_32' title="bbox 139 1768 622 1820; baseline -0.008 -10"><span class='ocrx_word' id='word_1_210' title='bbox 139 1770 204 1810; x_wconf 83' lang='lat' dir='ltr'>Gleba</span> <span class='ocrx_word' id='word_1_211' title='bbox 215 1772 312 1809; x_wconf 82' lang='lat' dir='ltr'>vetustate</span> <span class='ocrx_word' id='word_1_212' title='bbox 324 1781 336 1807; x_wconf 87' lang='lat' dir='ltr'>e</span> <span class='ocrx_word' id='word_1_213' title='bbox 348 1768 537 1819; x_wconf 80' lang='lat' dir='ltr'>terra·prorolvitrrr</span> <span class='ocrx_word' id='word_1_214' title='bbox 547 1768 622 1820; x_wconf 90' lang='lat' dir='ltr'>iugens,</span> 
     </span>
     <span class='ocr_line' id='line_1_33' title="bbox 105 1820 724 1874; baseline 0 -13"><span class='ocrx_word' id='word_1_215' title='bbox 105 1861 107 1865; x_wconf 18' lang='grc' dir='ltr'><em>Α</em></span> <span class='ocrx_word' id='word_1_216' title='bbox 137 1821 262 1874; x_wconf 80' lang='lat' dir='ltr'>Utiaqtetur</span> <span class='ocrx_word' id='word_1_217' title='bbox 274 1833 340 1871; x_wconf 88' lang='lat' dir='ltr'>aquae</span> <span class='ocrx_word' id='word_1_218' title='bbox 350 1821 412 1860; x_wconf 87' lang='lat' dir='ltr'>fluctu</span> <span class='ocrx_word' id='word_1_219' title='bbox 425 1833 502 1871; x_wconf 90' lang='lat' dir='ltr'>quoque</span> <span class='ocrx_word' id='word_1_220' title='bbox 509 1825 567 1860; x_wconf 89' lang='lat' dir='ltr'>terra</span> <span class='ocrx_word' id='word_1_221' title='bbox 574 1820 681 1871; x_wconf 85' lang='lat' dir='ltr'>vacillaus;</span> <span class='ocrx_word' id='word_1_222' title='bbox 722 1826 724 1828; x_wconf 83' lang='lat'>&#39;</span> 
     </span>
     <span class='ocr_line' id='line_1_34' title="bbox 85 1866 643 1923; baseline 0 -11"><span class='ocrx_word' id='word_1_223' title='bbox 85 1866 126 1912; x_wconf 86' lang='grc'>555</span> <span class='ocrx_word' id='word_1_224' title='bbox 137 1876 165 1914; x_wconf 82' lang='lat' dir='ltr'>lit</span> <span class='ocrx_word' id='word_1_225' title='bbox 173 1886 211 1913; x_wconf 79' lang='lat' dir='ltr'>vus</span> <span class='ocrx_word' id='word_1_226' title='bbox 218 1874 240 1913; x_wconf 93' lang='lat' dir='ltr'>iu</span> <span class='ocrx_word' id='word_1_227' title='bbox 249 1877 304 1914; x_wconf 86' lang='lat' dir='ltr'>terra</span> <span class='ocrx_word' id='word_1_228' title='bbox 312 1887 352 1912; x_wconf 91' lang='lat' dir='ltr'>non</span> <span class='ocrx_word' id='word_1_229' title='bbox 360 1872 403 1923; x_wconf 90' lang='lat' dir='ltr'>quit</span> <span class='ocrx_word' id='word_1_230' title='bbox 413 1877 508 1922; x_wconf 75' lang='lat' dir='ltr'>constare,</span> <span class='ocrx_word' id='word_1_231' title='bbox 520 1872 560 1912; x_wconf 90' lang='lat' dir='ltr'>uisi</span> <span class='ocrx_word' id='word_1_232' title='bbox 569 1872 643 1912; x_wconf 87' lang='lat' dir='ltr'>humor</span> 
     </span>
     <span class='ocr_line' id='line_1_35' title="bbox 137 1924 707 1978; baseline -0.005 -12"><span class='ocrx_word' id='word_1_233' title='bbox 137 1925 218 1967; x_wconf 83' lang='lat' dir='ltr'>Destitit</span> <span class='ocrx_word' id='word_1_234' title='bbox 230 1926 251 1965; x_wconf 92' lang='lat' dir='ltr'>iu</span> <span class='ocrx_word' id='word_1_235' title='bbox 264 1925 324 1965; x_wconf 84' lang='lat' dir='ltr'>dubio</span> <span class='ocrx_word' id='word_1_236' title='bbox 336 1927 399 1964; x_wconf 87' lang='lat' dir='ltr'>fluctu</span> <span class='ocrx_word' id='word_1_237' title='bbox 406 1924 501 1964; x_wconf 79' lang='lat' dir='ltr'>iactarier</span> <span class='ocrx_word' id='word_1_238' title='bbox 509 1924 568 1964; x_wconf 89' lang='lat' dir='ltr'>intus.</span> <span class='ocrx_word' id='word_1_239' title='bbox 703 1975 707 1978; x_wconf 18' lang='lat' dir='ltr'><em>V</em></span> 
     </span>
     <span class='ocr_line' id='line_1_36' title="bbox 164 1976 747 2028; baseline -0.007 -10"><span class='ocrx_word' id='word_1_240' title='bbox 164 1979 277 2026; x_wconf 85' lang='lat' dir='ltr'>Praeterea,</span> <span class='ocrx_word' id='word_1_241' title='bbox 289 1981 359 2016; x_wconf 83' lang='lat' dir='ltr'>ventus</span> <span class='ocrx_word' id='word_1_242' title='bbox 367 1990 434 2028; x_wconf 83' lang='lat' dir='ltr'>quom,</span> <span class='ocrx_word' id='word_1_243' title='bbox 447 1990 483 2027; x_wconf 88' lang='lat' dir='ltr'>per</span> <span class='ocrx_word' id='word_1_244' title='bbox 492 1978 538 2016; x_wconf 86' lang='lat' dir='ltr'>loca</span> <span class='ocrx_word' id='word_1_245' title='bbox 547 1976 634 2016; x_wconf 85' lang='lat' dir='ltr'>subcava</span> <span class='ocrx_word' id='word_1_246' title='bbox 642 1977 708 2018; x_wconf 79' lang='lat' dir='ltr'>cenae</span> <span class='ocrx_word' id='word_1_247' title='bbox 746 2011 747 2014; x_wconf 75' lang='grc'>,</span> 
     </span>
     <span class='ocr_line' id='line_1_37' title="bbox 139 2029 637 2080; baseline -0.002 -10"><span class='ocrx_word' id='word_1_248' title='bbox 139 2030 245 2079; x_wconf 71' lang='lat' dir='ltr'>collectus,</span> <span class='ocrx_word' id='word_1_249' title='bbox 257 2034 314 2080; x_wconf 87' lang='lat' dir='ltr'>parte</span> <span class='ocrx_word' id='word_1_250' title='bbox 322 2043 346 2069; x_wconf 86' lang='lat' dir='ltr'>ex</span> <span class='ocrx_word' id='word_1_251' title='bbox 354 2030 395 2068; x_wconf 86' lang='lat' dir='ltr'>una</span> <span class='ocrx_word' id='word_1_252' title='bbox 402 2029 520 2080; x_wconf 87' lang='lat' dir='ltr'>procumbit,</span> <span class='ocrx_word' id='word_1_253' title='bbox 533 2032 553 2067; x_wconf 90' lang='lat' dir='ltr'>et</span> <span class='ocrx_word' id='word_1_254' title='bbox 564 2032 637 2080; x_wconf 87' lang='lat' dir='ltr'>urguet</span> 
     </span>
     <span class='ocr_line' id='line_1_38' title="bbox 139 2080 669 2133; baseline -0.006 -11"><span class='ocrx_word' id='word_1_255' title='bbox 139 2081 227 2122; x_wconf 83' lang='lat' dir='ltr'>Obuiuus</span> <span class='ocrx_word' id='word_1_256' title='bbox 238 2080 432 2133; x_wconf 62' lang='lat' dir='ltr'>magnis&#39;speluncas</span> <span class='ocrx_word' id='word_1_257' title='bbox 444 2080 520 2120; x_wconf 73' lang='lat' dir='ltr'>nribus</span> <span class='ocrx_word' id='word_1_258' title='bbox 533 2081 595 2132; x_wconf 87' lang='lat' dir='ltr'>altas;</span> <span class='ocrx_word' id='word_1_259' title='bbox 642 2086 644 2088; x_wconf 83' lang='lat'>&#39;</span> <span class='ocrx_word' id='word_1_260' title='bbox 667 2116 669 2119; x_wconf 78' lang='grc'>,</span> 
     </span>
     <span class='ocr_line' id='line_1_39' title="bbox 86 2128 702 2187; baseline -0.005 -13"><span class='ocrx_word' id='word_1_261' title='bbox 86 2128 127 2173; x_wconf 84' lang='grc'>500</span> <span class='ocrx_word' id='word_1_262' title='bbox 137 2134 238 2174; x_wconf 88' lang='lat' dir='ltr'>Incumbit</span> <span class='ocrx_word' id='word_1_263' title='bbox 249 2135 315 2183; x_wconf 89' lang='lat' dir='ltr'>tellus,</span> <span class='ocrx_word' id='word_1_264' title='bbox 328 2146 367 2183; x_wconf 86' lang='lat' dir='ltr'>quo</span> <span class='ocrx_word' id='word_1_265' title='bbox 379 2133 435 2172; x_wconf 72' lang='lat' dir='ltr'>&#39;venti</span> <span class='ocrx_word' id='word_1_266' title='bbox 443 2145 507 2187; x_wconf 87' lang='lat' dir='ltr'>prona</span> <span class='ocrx_word' id='word_1_267' title='bbox 517 2132 589 2181; x_wconf 89' lang='lat' dir='ltr'>premit</span> <span class='ocrx_word' id='word_1_268' title='bbox 599 2132 640 2172; x_wconf 79' lang='lat' dir='ltr'>vis:</span> <span class='ocrx_word' id='word_1_269' title='bbox 695 2154 702 2170; x_wconf 58' lang='lat'>2</span> 
     </span>
     <span class='ocr_line' id='line_1_40' title="bbox 137 2185 699 2237; baseline 0 -12"><span class='ocrx_word' id='word_1_270' title='bbox 137 2186 198 2236; x_wconf 83' lang='lat' dir='ltr'>Tum,</span> <span class='ocrx_word' id='word_1_271' title='bbox 211 2198 271 2237; x_wconf 89' lang='lat' dir='ltr'>supra</span> <span class='ocrx_word' id='word_1_272' title='bbox 279 2190 353 2226; x_wconf 84' lang='lat' dir='ltr'>terram</span> <span class='ocrx_word' id='word_1_273' title='bbox 362 2198 413 2236; x_wconf 89' lang='lat' dir='ltr'>quae</span> <span class='ocrx_word' id='word_1_274' title='bbox 424 2188 469 2225; x_wconf 84' lang='lat' dir='ltr'>sunt</span> <span class='ocrx_word' id='word_1_275' title='bbox 480 2189 577 2224; x_wconf 85' lang='lat' dir='ltr'>exstructa</span> <span class='ocrx_word' id='word_1_276' title='bbox 588 2185 699 2236; x_wconf 85' lang='lat' dir='ltr'>domorum,</span> 
     </span>
     <span class='ocr_line' id='line_1_41' title="bbox 62 2235 672 2289; baseline -0.003 -11"><span class='ocrx_word' id='word_1_277' title='bbox 62 2235 65 2241; x_wconf 84' lang='lat'>&#39;</span> <span class='ocrx_word' id='word_1_278' title='bbox 137 2238 169 2278; x_wconf 84' lang='lat' dir='ltr'>Ad</span> <span class='ocrx_word' id='word_1_279' title='bbox 176 2239 292 2289; x_wconf 88' lang='lat' dir='ltr'>coelumque</span> <span class='ocrx_word' id='word_1_280' title='bbox 301 2237 367 2289; x_wconf 84' lang='lat' dir='ltr'>magis</span> <span class='ocrx_word' id='word_1_281' title='bbox 378 2241 451 2288; x_wconf 88' lang='lat' dir='ltr'>quanto</span> <span class='ocrx_word' id='word_1_282' title='bbox 460 2240 505 2276; x_wconf 91' lang='lat' dir='ltr'>suut</span> <span class='ocrx_word' id='word_1_283' title='bbox 514 2236 567 2277; x_wconf 90' lang='lat' dir='ltr'>edita</span> <span class='ocrx_word' id='word_1_284' title='bbox 577 2249 672 2288; x_wconf 87' lang='lat' dir='ltr'>quaeque,</span> 
     </span>
     <span class='ocr_line' id='line_1_42' title="bbox 137 2288 726 2340; baseline -0.002 -9"><span class='ocrx_word' id='word_1_285' title='bbox 137 2290 162 2331; x_wconf 90' lang='lat' dir='ltr'>In</span> <span class='ocrx_word' id='word_1_286' title='bbox 173 2290 245 2330; x_wconf 84' lang='lat' dir='ltr'>clinata</span> <span class='ocrx_word' id='word_1_287' title='bbox 252 2291 327 2330; x_wconf 90' lang='lat' dir='ltr'>minent</span> <span class='ocrx_word' id='word_1_288' title='bbox 334 2290 356 2329; x_wconf 87' lang='lat' dir='ltr'>iu</span> <span class='ocrx_word' id='word_1_289' title='bbox 366 2291 456 2337; x_wconf 87' lang='lat' dir='ltr'>eandem,</span> <span class='ocrx_word' id='word_1_290' title='bbox 467 2288 552 2340; x_wconf 85' lang='lat' dir='ltr'>prodita,</span> <span class='ocrx_word' id='word_1_291' title='bbox 564 2293 651 2340; x_wconf 82' lang='lat' dir='ltr'>partem:</span> <span class='ocrx_word' id='word_1_292' title='bbox 686 2321 688 2324; x_wconf 33' lang='lat' dir='ltr'>s</span> <span class='ocrx_word' id='word_1_293' title='bbox 717 2293 726 2321; x_wconf 70' lang='lat'>&#39;-</span> 
     </span>
     <span class='ocr_line' id='line_1_43' title="bbox 69 2340 640 2393; baseline 0 -10"><span class='ocrx_word' id='word_1_294' title='bbox 69 2343 71 2346; x_wconf 83' lang='grc'><strong>’</strong></span> <span class='ocrx_word' id='word_1_295' title='bbox 137 2343 292 2393; x_wconf 82' lang='lat' dir='ltr'>Protrnctaeque</span> <span class='ocrx_word' id='word_1_296' title='bbox 302 2344 369 2383; x_wconf 86' lang='lat' dir='ltr'>trabes</span> <span class='ocrx_word' id='word_1_297' title='bbox 380 2342 500 2393; x_wconf 85' lang='lat' dir='ltr'>impendent,</span> <span class='ocrx_word' id='word_1_298' title='bbox 511 2340 541 2380; x_wconf 88' lang='lat' dir='ltr'>ire</span> <span class='ocrx_word' id='word_1_299' title='bbox 549 2345 640 2391; x_wconf 74' lang='lat' dir='ltr'>parataer</span> 
     </span>
     <span class='ocr_line' id='line_1_44' title="bbox 85 2389 700 2447; baseline -0.002 -12"><span class='ocrx_word' id='word_1_300' title='bbox 85 2389 125 2435; x_wconf 84' lang='grc'>555</span> <span class='ocrx_word' id='word_1_301' title='bbox 137 2395 164 2437; x_wconf 83' lang='lat' dir='ltr'>Et</span> <span class='ocrx_word' id='word_1_302' title='bbox 174 2397 263 2434; x_wconf 87' lang='lat' dir='ltr'>metuunt</span> <span class='ocrx_word' id='word_1_303' title='bbox 272 2394 341 2447; x_wconf 86' lang='lat' dir='ltr'>magui</span> <span class='ocrx_word' id='word_1_304' title='bbox 348 2399 441 2435; x_wconf 84' lang='lat' dir='ltr'>naturam</span> <span class='ocrx_word' id='word_1_305' title='bbox 451 2393 608 2434; x_wconf 85' lang='lat' dir='ltr'>crederemuudi</span> <span class='ocrx_word' id='word_1_306' title='bbox 653 2407 655 2410; x_wconf 77' lang='grc'>’</span> <span class='ocrx_word' id='word_1_307' title='bbox 698 2405 700 2408; x_wconf 58' lang='lat'><em>⁴</em></span> 
     </span>
     <span class='ocr_line' id='line_1_45' title="bbox 136 2446 614 2497; baseline -0.004 -8"><span class='ocrx_word' id='word_1_308' title='bbox 136 2446 223 2489; x_wconf 79' lang='lat' dir='ltr'>Exitiale</span> <span class='ocrx_word' id='word_1_309' title='bbox 231 2446 311 2496; x_wconf 82' lang='lat' dir='ltr'>aliquod</span> <span class='ocrx_word' id='word_1_310' title='bbox 319 2451 395 2497; x_wconf 90' lang='lat' dir='ltr'>tempus</span> <span class='ocrx_word' id='word_1_311' title='bbox 405 2446 520 2496; x_wconf 76' lang='lat' dir='ltr'>clademque</span> <span class='ocrx_word' id='word_1_312' title='bbox 527 2459 614 2495; x_wconf 87' lang='lat' dir='ltr'>manere,</span> 
     </span>
    </p>
   </div>
   <div class='ocr_carea' id='block_1_3' title="bbox 137 2495 738 2552">
    <p class='ocr_par' dir='ltr' id='par_1_3' title="bbox 137 2495 738 2552">
     <span class='ocr_line' id='line_1_46' title="bbox 137 2495 738 2552; baseline 0.002 -12"><span class='ocrx_word' id='word_1_313' title='bbox 137 2500 204 2552; x_wconf 71' lang='lat' dir='ltr'>Quom</span> <span class='ocrx_word' id='word_1_314' title='bbox 214 2497 294 2543; x_wconf 82' lang='lat' dir='ltr'>videant</span> <span class='ocrx_word' id='word_1_315' title='bbox 304 2502 380 2545; x_wconf 85' lang='lat' dir='ltr'>tantam</span> <span class='ocrx_word' id='word_1_316' title='bbox 388 2502 487 2543; x_wconf 82' lang='lat' dir='ltr'>terrarum</span> <span class='ocrx_word' id='word_1_317' title='bbox 496 2498 610 2542; x_wconf 82' lang='lat' dir='ltr'>incumbere</span> <span class='ocrx_word' id='word_1_318' title='bbox 621 2497 711 2542; x_wconf 85' lang='lat' dir='ltr'>molem?</span> <span class='ocrx_word' id='word_1_319' title='bbox 736 2495 738 2497; x_wconf 72' lang='grc'><strong>’</strong></span> 
     </span>
    </p>
   </div>
   <div class='ocr_carea' id='block_1_4' title="bbox 0 0 850 2654">
    <p class='ocr_par' dir='ltr' id='par_1_4' title="bbox 0 0 850 2654">
     <span class='ocr_line' id='line_1_47' title="bbox 0 0 850 2654; baseline 0 0"><span class='ocrx_word' id='word_1_320' title='bbox 0 0 850 2654; x_wconf 95' lang='lat' dir='ltr'> </span> 
     </span>
    </p>
   </div>
  </div>
 </body>
</html>
