1690 2654
199 128 242 168 An
258 120 396 180 LIBRUM
412 121 602 169 SECUNDUM.
716 124 765 171 277

45 234 88 275 tiae
103 230 169 282 studio
186 235 270 285 dumus,
284 235 332 288 quia
347 249 408 275 versu
422 242 521 288 sequente
531 229 608 275 iterum
618 224 670 277 uelit
678 235 763 288 legitur,

45 288 67 327 in
78 291 133 328 solet
145 290 243 339 mutavit,
260 289 317 340 quod
326 289 359 326 iel
370 288 447 340 regulis
455 288 598 339 grammaticis
608 289 735 327 adversatur.

97 338 154 381 1047.
181 346 205 381 In
221 341 268 379 loco
281 340 406 378 difficillimo
417 346 438 377 et
448 347 535 390 propter
544 341 656 379 maximam
665 340 762 379 lectionis

37 391 165 431 menesatem
182 392 242 431 valde
256 393 338 438 lubrico
352 391 481 429 tutissimum<
494 391 570 439 habui,
591 392 705 431 lectionem
721 392 762 430 ali-¹

45 457 109 496 quam
123 445 217 495 efficere,
233 455 285 495 quae
299 438 404 480 librorum
414 441 505 494 vestigiis
516 443 611 494 proxime
620 444 731 483 accederet
741 451 762 483 et

44 509 128 534 sensum
143 503 200 533 certe
215 508 257 533 non
276 495 378 532 absonum
395 494 513 544 praeberet.
540 494 573 532 Sic
585 501 655 541 autem
667 496 716 534 libri
725 509 762 535 va-

43 549 109 587 riant:
123 551 189 587 iactos
203 546 324 584 felicissima
342 552 372 584 est
388 545 487 583 Gronovii
502 545 558 585 obss.
569 548 584 595 l,
594 548 762 594 7.‚·eoniectura
809 547 811 550 ’

44 612 107 650 quam
121 598 170 637 Brit.
181 601 201 651 2.
214 598 339 647 confirmat,
350 603 393 636 neo
405 596 465 636 valde
475 597 579 649 discrepat
587 598 730 649 plurimorum
735 601 761 638 li·

42 652 132 690 brorum
142 662 209 691 rocsus
224 650 282 699 (Ald.
293 652 311 690 1.
324 656 345 689 et
352 652 402 689 Bou.
412 651 512 700 tractus),
530 657 551 687 et
561 655 615 691 lunt.
625 651 670 690 Ald.
679 654 699 692 2.
711 655 762 691 inie—

43 714 95 744 ctus.
114 706 185 743 Animi
195 706 262 742 iactus
272 714 329 752 vero,
342 708 367 739 ut
378 703 420 740 iam
431 703 522 742 Gronov.
534 702 656 751 observavit,
671 709 701 741 est
710 703 762 754 Epi-

43 756 90 793 curi
104 753 202 808 ἕπιβολή,
220 754 245 793 de
262 753 373 806 qua'oonf.
388 754 452 804 ipsius
466 754 549 804 Epicuri
564 755 624 806 epist.
639 755 669 793 ad
681 754 760 796 Herod.

43 807 85 857 §.2
91 806 110 847 4.
118 810 149 848 18.
156 813 194 846 etc.
204 806 252 845 coll.
264 819 312 844 cum
324 806 364 846 cic.
377 805 403 843 de
412 808 437 843 N.
450 807 474 843 D.
486 807 503 855 I,
514 808 554 855 20,
570 818 633 857 quem
644 807 704 846 Wak.
716 807 760 847 iam

20 886 22 888 -
42 871 105 910 supra
117 859 171 898 adv.
181 856 225 899 740.
240 858 321 905 attulit,
334 857 369 895 ubi
378 857 475 895 similiter
484 856 574 908 legimus
583 862 648 899 animi
657 863 759 901 iniee‘tum.

42 933 68 941 -
81 912 143 962 liber]
159 911 219 949 Vind.
236 910 312 961 fragm.
329 909 391 950 Vind.
408 909 457 949 Brit.
469 912 488 949 2.
498 910 517 949 3.
529 909 583 948 Brix.
598 916 619 947 et
628 913 679 950 Ven.
689 913 760 951 libero.

3 1012 6 1015 ,
42 985 68 993 ·—
82 979 120 1016 quo
129 964 219 1016 pernulis
229 964 287 1015 ipse]
301 962 377 1013 fragm.
389 961 450 1003 Vino.
460 961 510 999 Brit.
522 962 541 1001 1.
555 969 594 1015 pro'
603 964 696 1016 pervolet
709 967 760 1016 ipse,

41 1015 102 1055 Vind.
112 1015 161 1056 Brit.
171 1017 190 1054 2.
201 1016 220 1054 3.
232 1014 286 1059 Brix.
301 1016 309 1061 (
315 1026 366 1064 quos
381 1013 474 1065 sequitur
489 1014 543 1051 Hav.
558 1026 606 1051 oum
616 1014 673 1066 vulg.
686 1014 758 1064 editt.)

41 1082 80 1121 quo
97 1069 152 1107 soler
168 1070 223 1120 ipse,
236 1067 286 1103 Ver.
298 1066 349 1103 Ven.
360 1081 399 1118 quo
409 1067 460 1115 uelit
471 1069 526 1117 ipse,
539 1066 606 1116 Lugd.
618 1067 636 1105 1.
653 1068 713 1105 Poor.
724 1071 759 1115 sit,

41 1134 80 1173 quo
97 1121 152 1159 uolet
168 1122 225 1172 ipse,
241 1120 297 1156 eant.
312 1120 351 1163 sit,
365 1133 403 1171 quo
416 1119 469 1156 veles
479 1119 535 1168 ipse,
548 1117 578 1155 Pii
590 1118 654 1157 Codd.
665 1122 706 1166 sit,
719 1134 759 1171 qno

40 1172 91 1211 velit
105 1174 148 1224 ipse
162 1170 200 1216 (ut
209 1168 268 1208 Wak.
278 1168 368 1217 edidit),
381 1170 438 1209 lunt.
453 1168 499 1208 Ald.
512 1170 532 1209 2.
545 1170 625 1223 quoquo
639 1173 694 1210 volet
708 1174 759 1225 ipse,

40 1222 87 1260 Ald.
103 1225 121 1263 1.
136 1224 186 1260 Bon.
200 1222 343 1275 quoquovelis
357 1223 393 1260 ire.
414 1222 503 1259 Gronov.
515 1221 569 1261 coni.
580 1237 620 1274 quo
626 1224 759 1274 pervolitare,

39 1271 91 1314 Har.
102 1289 142 1328 quo
152 1275 245 1326 pervolet
256 1287 330 1325 usqne;
343 1271 430 1323 nicusi,
449 1272 556 1311 Gifenium
569 1281 674 1325 sequutus,
693 1273 759 1313 edidit

37 1341 77 1381 pro
90 1328 177 1380 pervelit
192 1327 232 1374 ire,
247 1323 310 1363 Orell.
324 1339 362 1377 quo
370 1326 514 1378 perpolirire,
527 1337 590 1375 quem
602 1332 659 1364 certe
672 1325 694 1363 in
705 1326 758 1364 scri-

39 1384 101 1429 ptura
108 1378 198 1432 pervolit
207 1382 306 1428 sequutus
316 1379 369 1423 suin,
383 1388 447 1426 quum
457 1375 520 1413 Prisc.
532 1378 568 1427 IX,
578 1378 595 1415 l.
607 1379 623 1428 ᾗ.
634 1379 652 1417 8,
668 1378 701 1428 (p.
712 1376 757 1419 848.

39 1430 73 1479 P.)
87 1437 168 1468 veteres
182 1430 245 1468 solim
257 1438 295 1478 pro
309 1429 370 1467 selim
386 1427 459 1472 dixisse
470 1427 556 1478 docear,
572 1434 593 1466 et
603 1429 633 1467 sio
646 1430 716 1469 variae
726 1430 758 1468 le-

40 1482 120 1521 stiones
132 1479 210 1530 optime
217 1478 320 1530 ¹¹c'ouiu'ngi
330 1479 414 1530 possint.
435 1481 553 1518 Pronomen
564 1492 613 1518 vero
624 1484 668 1534 ipse
675 1482 757 1521 firmius

38 1532 114 1572 nititur
125 1531 188 1572 codd.
199 1531 331 1579 auctoritate,
345 1544 407 1582 quam
418 1531 473 1582 quod
484 1530 532 1569 loco
544 1541 629 1571 movere
639 1533 712 1582 ausim,
724 1534 757 1572 iu-

38 1583 113 1636 primis
129 1597 194 1636 quum
210 1587 240 1623 ire
254 1582 371 1635 languidius
386 1583 486 1621 videatur.
511 1584 628 1622 Putaverim
640 1585 709 1636 potius
721 1585 756 1625 hic

38 1636 78 1675 sibi
94 1635 172 1687 opponi
187 1635 308 1674 sententias:
323 1647 365 1686 quo
375 1650 430 1675 mens
439 1637 562 1688 prospicere,
576 1643 597 1674 et
607 1649 649 1688 quo
659 1638 710 1677 liber
722 1637 757 1676 ia-

39 1694 85 1727 ctus
96 1687 162 1726 animi
172 1690 216 1741 ipse
226 1699 333 1740 penetrare
342 1686 402 1735 velit;
418 1684 482 1738 quare
496 1687 559 1725 etiam
570 1690 661 1742 pervolet
675 1690 701 1738 (a
708 1704 757 1744 per·

37 1742 107 1781 volare
117 1740 244 1790 deductum)
257 1752 299 1778 non
309 1740 393 1789 prorsus
402 1739 572 1788 improbaverim.

90 1789 148 1832 1049.
176 1792 271 1845 infraque
282 1791 387 1844 superque]
402 1790 432 1829 sic
442 1790 503 1830 Wak.
510 1792 590 1840 esoni,
602 1791 650 1842 quia
659 1792 681 1830 in
691 1794 754 1832 Poor.

37 1844 87 1884 Brit.
98 1845 115 1883 1.
126 1846 145 1884 2.
156 1844 174 1884 3.
189 1844 245 1880 Cant.
261 1848 281 1879 et
296 1841 348 1879 Brix.
361 1843 409 1884 Ver,
420 1843 471 1882 Ven.
485 1842 543 1894 infra
555 1845 640 1881 omniuo
653 1844 755 1894 desidera-

37 1901 84 1942 tur,
99 1901 125 1945 et>
136 1910 234 1948 superque
244 1893 325 1944 legatur
338 1893 360 1929 in
373 1893 433 1932 vind.
444 1893 520 1944 fragm.
530 1892 590 1934 Vind,
601 1896 664 1932 Poor.
674 1896 723 1935 Brit.
735 1899 754 1936 1.

36 1947 57 1996 3.
73 1951 130 1986 Cant.
144 1953 164 1985 et
174 1948 221 1985 Ver.
230 1946 281 1984 Ven.
296 1943 357 1999 (Brix.
367 1945 451 1998 supque)
466 1945 497 1995 ²¹²).
523 1945 591 1997 Vulgo
602 1946 659 2000 infra
670 1962 754 2001 supera.

37 2014 87 2052 que,
101 1998 135 2036 cui
145 1996 231 2037 lectioni
241 1997 312 2034 favent
323 1995 368 2034 old.
380 1998 397 2035 1.
409 1998 428 2036 2.
441 1999 491 2034 Bon.
502 1997 558 2034 lunt.
577 2007 583 2018 Χ
747 2044 749 2046 ¹

89 2050 147 2091 1060,
165 2049 289 2103 frustraque
304 2049 389 2094 coorto]
402 2047 463 2085 vind.
477 2047 554 2099 fragm.
566 2047 627 2088 Vind.
638 2049 689 2088 Brit.
702 2050 721 2090 l.
733 2051 753 2090 2.

13 2134 18 2139 ,,
36 2102 56 2142 3,
70 2102 129 2140 Cant.
146 2102 194 2140 Ver.
204 2098 387 2154 Ven.fiustroque
401 2101 469 2149 iacta,
482 2100 543 2151 Poor.
553 2099 607 2141 Brix.
617 2101 662 2139 Ald.
673 2103 691 2142 1.
702 2104 752 2140 Bon.

30 2152 117 2203 frustra
128 2168 206 2208 quoque
218 2156 280 2201 iacto,
294 2150 326 2189 Pii
335 2150 405 2197 cedat,
420 2163 471 2201 quos
481 2158 598 2202 sequuntur
606 2154 664 2203 lunt.
675 2159 697 2191 et
706 2153 753 2194 ΑΜ,

36 2207 67 2251 2.,
80 2204 300 2258 iactataquesrusrra‚
315 2215 367 2254 quae
376 2202 448 2252 lectio,
462 2203 480 2240 si
490 2203 516 2241 de
527 2202 607 2254 duplici
617 2205 709 2244 Lucretii
720 2218 753 2244 re-

37 2255 134 2294 censione
155 2256 275 2308 quaeritur,
300 2267 385 2293 omnem
407 2261 502 2293 meretur
523 2255 588 2294 animi
608 2256 751 2298 attentionem.

61 2405 87 2456 i)
113 2402 134 2440 si
147 2404 207 2442 Wak.
222 2414 280 2446 reete
290 2401 397 2459 inlelligo,
410 2406 433 2445 in
448 2406 506 2445 cuius
516 2413 588 2445 noram
598 2407 712 2447 subiectam
722 2409 752 2447 vi-

86 2454 140 2493 tium
152 2454 237 2506 aliquod
247 2458 354 2509 irrepsisse
363 2464 425 2516 patet.
452 2460 482 2497 De
491 2465 541 2499 vett.
554 2459 613 2499 editt.
625 2467 683 2499 certo
696 2460 751 2498 dice-

86 2518 110 2544 re
121 2518 210 2556 possum.

66 2576 191 2604 innuamus.
561 2566 597 2606 Aa
