1690 2654
214 89 220 102 ¹
275 90 383 132 LIBER
404 92 443 136 vl.

55 204 101 255 Qus
113 199 213 256 possemus
226 198 251 241 ad
263 199 285 241 id
297 203 350 242 recto
364 202 478 244 contendere
491 214 562 254 curem
578 208 580 211 ’

55 258 133 307 Quidve
145 255 195 294 mali
206 254 258 296 foret
267 254 288 293 in
300 256 360 294 rebus
372 257 486 295 mortalibu’
498 258 578 306 passim,

55 310 114 358 Quod
126 306 197 346 flueret
208 306 296 345 naturali
307 307 402 356 varieque
413 308 490 347 volaret

55 361 96 400 Seu
108 372 160 407 casu,
175 370 210 396 seu
220 357 248 404 vi,
260 359 312 407 quod
324 358 353 396 sie
365 359 441 397 Natura
453 362 554 409 parasset3
577 376 579 379 ·

54 414 81 452 Et
94 411 163 461 quibus
176 422 187 448 e
199 409 262 459 portis
275 409 353 448 occurri
365 409 450 459 quoique
462 410 550 449 deceret:

54 464 81 502 Et
92 474 154 513 genus
166 459 277 500 humanum
289 462 363 501 frustra
375 462 491 512 plerumque
502 460 595 511 probavit

54 515 138 552 Volvere
151 526 243 552 curarum
255 513 328 553 tristeis
340 513 361 552 iu
373 517 452 563 pectore
464 513 542 552 fluctus.

53 565 105 605 Nam
117 565 180 604 veluti
192 565 260 615 puerei
270 565 375 616 trepidant,
388 569 447 615 atque
459 564 526 604 omnia
538 563 602 605 caecis
691 563 718 606 35

53 618 76 657 ln
88 617 172 656 tenebris
184 621 289 665 metuunt,
297 618 326 657 sic
337 630 373 657 nos
385 617 406 656 in
418 618 463 656 luce
475 616 568 656 timemus

52 668 159 716 Interdum,
171 668 234 706 nihilo
247 681 297 718 quae
309 672 353 708 sunt
365 668 470 708 metuenda
482 668 554 720 magis,
567 680 627 717 qnam

53 721 110 769 Quae
122 720 191 769 puerei
202 720 223 758 in
235 720 319 759 tenebris
330 720 425 770 pavitant,
437 720 553 770 finguntque
564 720 639 760 futura.

52 770 187 821 Huncigitur
199 775 295 810 terrorem
308 771 369 810 animi
382 771 510 821 tenebrasque
521 783 600 811 necesse
612 774 643 812 est

53 822 98 863 Nou
109 822 172 861 radiei
185 822 238 870 solis,
250 835 286 862 nec
297 823 364 862 lucida
376 823 416 862 tela
431 822 471 861 diei
689 821 717 862 40

52 873 169 920 Discutiunt,
182 874 216 912 sed
228 877 310 913 naturae
322 874 402 924 species,
415 873 517 922 ratioquer

53 925 98 976 Quo
110 924 175 975 magis
186 924 285 974 inceptum
297 938 381 977 pergam
393 927 494 974 pertexere
506 923 570 964 dictis.

79 977 105 1015 Et
116 975 210 1025 qnoniam
222 977 286 1023 docui,
301 977 370 1015 mundi
382 972 566 1026 mortaria‘rempla

52 1027 113 1074 Esse,
121 1030 141 1065 et
152 1027 220 1066 nativo
232 1028 338 1066 consistere
351 1039 432 1077 corpore
445 1027 532 1074 coelum3

53 1078 86 1123 Et,
105 1090 254 1127 quaequomque
265 1079 287 1117 in
299 1092 322 1117 co
335 1079 391 1125 liunt,
404 1077 486 1127 fierique
497 1089 576 1117 necesse
588 1081 644 1128 ests
689 1078 717 1120 45

52 1128 150 1176 Pleraque
162 1129 255 1175 dissolvi;
269 1142 319 1179 quac
330 1133 412 1177 restant,
424 1129 510 1178 percipe,
522 1141 592 1179 porro:
631 1175 633 1177 ¹

52 1178 216 1228 Quandoquidem
228 1181 289 1218 semel
300 1180 399 1232 insignem
412 1180 540 1219 conscendere
552 1193 632 1223 currum

53 1229 168 1268 *Vectorem
181 1232 285 1270 erbortant
297 1233 412 1282 plaudendo,
425 1236 448 1270 ut
461 1232 521 1271 obvia
533 1245 593 1273 cursu
647 1270 658 1279 ,

52 1279 121 1331 'Quae
134 1281 214 1329 tuerint,
226 1282 265 1321 sint
277 1284 354 1332 placato
366 1291 462 1321 convorsa
473 1282 548 1321 favore.

78 1333 154 1383 cetera,
161 1345 217 1382 quae
229 1333 274 1372 ficri
285 1334 307 1372 in
319 1333 376 1373 terris
388 1333 481 1382 coeloque
493 1336 573 1373 tuentur
686 1333 715 1375 50

52 1382 154 1431 Mortales,
165 1384 242 1433 pavidis
255 1397 314 1433 quom
324 1385 409 1433 pendent
419 1383 513 1420 mentibu'
525 1397 591 1430 saepe,

52 1433 148 1473 Efficinnt
159 1435 235 1473 animos
246 1435 340 1473 hnmileis
352 1433 458 1473 formidine
470 1432 543 1470 divom.

51 1484 196 1534 Depressosque
208 1489 299 1534 premunt
311 1486 336 1525 ad
348 1488 432 1531 terram3
444 1485 548 1533 propterea
560 1481 613 1533 quod

51 1535 282 1585 Ignorantiacausarum
294 1537 384 1576 conferre
398 1536 480 1573 deorum

53 1586 112 1637 Cogit
124 1588 149 1626 ad
161 1587 268 1637 imperium
279 1601 317 1638 res,
330 1591 350 1626 et
361 1587 467 1626 concedere
477 1596 571 1636 regnum:
685 1583 713 1625 55

53 1638 142 1686 Quorum
154 1651 236 1689 operum
245 1651 316 1678 causas
326 1640 383 1677 nulla
393 1638 469 1677 ratione
480 1637 548 1675 videre
577 1650 578 1653 ¹

53 1689 143 1738 Possunt,
157 1702 181 1728 ac
193 1691 237 1728 fieri
249 1690 316 1729 diuino
328 1690 408 1728 numine
420 1691 494 1728 rentur.
506 1711 508 1718 ν

53 1739 110 1787 Nam,
123 1742 174 1779 bene
185 1742 231 1791 quei
243 1741 335 1788 didicere,
348 1742 394 1780 deos
406 1752 496 1780 securum
509 1751 569 1791 agere
581 1749 657 1788 aevom,

54 1790 78 1828 Si
88 1794 155 1830 tamen
167 1792 244 1834 interea
254 1792 358 1840 mirantur,
372 1804 411 1842 qua
422 1791 500 1830 ratione

54 1842 148 1893 Quaeque
160 1844 204 1894 geri
216 1844 295 1894 possint,
308 1843 424 1893 praesertim
433 1843 493 1883 rebus
504 1840 526 1879 iu
537 1840 589 1890 ollis,
684 1839 713 1881 60

54 1893 110 1940 Quae
122 1908 181 1944 supra
194 1898 253 1945 capnt
265 1895 357 1935 aetheriis
370 1897 474 1933 cernuntur
486 1892 507 1931 in
520 1892 566 1937 oris,

54 1943 131 1984 Rursus
143 1947 164 1984 in
176 1948 266 1996 antiquas
277 1948 389 1985 referuntur
400 1944 513 1994 religiones,

54 1994 80 2032 Et
92 1996 179 2036 dominos
191 1998 255 2036 acreio
267 1998 382 2045 adsciscunt,
396 1996 463 2034 omnia
476 2006 534 2045 posse

55 2040 108 2093 Quos
120 2049 200 2087 miserei
211 2049 299 2097 credunt,
312 2047 396 2100 ignarei,
409 2047 456 2095 quid
468 2050 527 2096 queat
540 2057 587 2094 esse,

55 2097 107 2144 Quid
118 2103 213 2149 nequeat3
224 2100 281 2139 linita
293 2103 378 2149 potestas
391 2097 474 2147 denique
486 2097 571 2152 quoique
686 2096 713 2137 65

54 2147 144 2195 Quanam
157 2151 183 2190 sit
193 2151 276 2200 ratione,
288 2154 346 2201 atque
358 2151 398 2188 alte
408 2148 503 2187 terminus
514 2149 608 2187 haerens:

54 2198 99 2247 Quo
111 2202 177 2252 magis
189 2206 275 2241 errantes
288 2214 347 2241 caeca
359 2200 435 2240 ratione
450 2200 547 2240 feruntur.

80 2250 136 2299 Quae
147 2253 185 2292 nisi
196 2254 272 2304 respuis
285 2267 309 2292 er
322 2252 394 2299 animo,
409 2251 507 2302 longeque
518 2249 609 2299 remittis,
686 2296 688 2300 f

53 2299 88 2338 Dis
100 2302 183 2353 indigua
194 2310 264 2354 putare
277 2305 380 2354 alienaque
391 2301 539 2351 pacis'corum5

54 2350 145 2396 Delibata
158 2355 217 2394 derim
229 2368 264 2404 per
276 2359 295 2395 te
307 2356 345 2395 tibi
356 2353 438 2394 numina
450 2356 517 2392 sancta
587 2397 588 2400 Ἴ
642 2395 644 2398 ,
685 2351 712 2390 ’10

54 2400 117 2452 Saepe
130 2405 224 2444 oberunt:
236 2419 286 2455 nou,
298 2420 337 2457 quo
348 2404 422 2445 violari
433 2412 510 2443 summa
522 2402 581 2443 derim
592 2402 623 2445 vis

54 2451 125 2504 Possit,
137 2458 159 2496 ut
172 2469 196 2497 ex
207 2457 239 2497 ire
250 2471 323 2509 poenae
334 2462 401 2510 petere
412 2456 496 2497 imbibat
508 2456 583 2503 acreis;
