1690 2654
54 134 102 179 tlt
277 132 550 174 atuorarrouts
592 154 594 156 ·

105 243 150 282 368.
173 239 244 293 ferte]
259 240 308 281 Brit.
317 240 411 290 1.fonte‚
425 254 463 293 pro
474 242 532 281 varia
540 240 638 283 lectione.
652 263 678 270 -
692 241 775 293 coorta]

54 295 84 333 sic
94 293 216 333 satiarint.
226 293 271 335 ald.
279 297 296 334 l.
304 296 322 333 2.
336 296 387 333 Bon.
399 297 465 340 l'unt.;
480 295 546 331 ceteri
557 306 629 332 omues
642 306 731 347 coperta.

106 346 151 385 369.
180 347 290 394 Corraere]
310 346 341 382 ita
358 346 418 384 Walr.
436 359 485 383 cum
500 346 559 384 libris
576 345 673 383 omnibus
691 351 776 394 praeter

53 396 138 444 tritt.
153 402 236 436 Cernere
246 397 392 447 praebentem3
406 397 469 450 vulgo
480 399 551 436 tamen
561 402 667 444 Frontem,
680 408 690 434 e
702 396 775 435 Lamb.

53 448 189 497 coniectura,
202 448 245 487 iam
258 461 271 488 a
281 450 351 499 Gitan.
362 455 421 487 recte
437 451 557 500 reprobata.
585 455 691 496 Corruere,
706 449 775 485 activo

52 512 126 548 sensu,
140 500 197 538 valet
208 516 250 539 una
260 516 318 539 ruere
327 501 360 538 vel
370 512 511 554 prosternere,
523 508 548 538 ut
557 502 618 540 Wak.
633 501 696 538 etiam
709 500 777 536 inter-

51 558 160 602 pretatum
176 553 211 603 qui
224 553 297 590 laudat
306 552 373 591 Plaut.
387 552 439 591 Rud.
449 556 473 600 ll,
487 556 506 600 6,
517 554 550 593 58.
560 553 631 605 ibique
640 550 776 603 Scaligerum.

37 629 42 636 .
53 604 87 695 {pp
101 603 190 696 s7impler
204 621 262 644 ruere
278 604 453 656 aliquotiesapud
463 611 571 656 nostrum,
586 618 605 646 v.
618 618 636 643 c.
649 606 664 655 Ι,
675 605 720 644 273.
731 604 777 644 293.

117 657 149 695 27.
161 661 201 694 etc.

85 684 90 705 ⁷
105 709 151 747 372.
174 705 269 760 possint]
285 706 332 745 Ver.
347 706 399 744 Ven.
415 717 515 757 possiam
529 718 587 755 „per
602 717 697 744 errorem
710 711 777 744 trans·

52 759 173 808 positionis,
187 764 211 795 ut
229 757 289 795 Wak.
306 764 387 802 oensem
401 756 437 795 hie
449 770 526 808 nempe
541 756 605 796 scribi
622 757 714 797 volentes
725 773 777 812 pos-

52 814 100 859 sint,
115 809 168 848 etin
180 808 277 860 sequenti
288 820 349 846 versu
357 809 465 859 possunt.“

104 861 150 902 373.
175 864 275 914 possunt]
290 860 320 898 sic
334 859 400 911 Lugd.
412 862 429 899 l.
438 863 457 901 2.
468 862 528 899 Poor.
539 861 596 898 Cant.
611 860 663 908 (nec
674 859 746 907 aliter,
760 859 777 897 si

53 913 115 951 Wak.
127 913 247 949 adversum
258 913 350 961 priorem
359 918 418 950 recte
429 912 544 962 suspicatus
555 919 593 961 est,
606 911 718 950 voluerunt
730 913 776 949 Ver.

53 965 128 1013 Vm),
143 977 194 1014 quos
204 976 252 1001 cum
262 962 322 1003 Wak.
334 969 434 1015 sequutus
445 977 502 1011 surn3
516 963 579 1015 vulgo
590 966 683 1016 possim,-
697 962 778 1014 „quasi

54 1029 66 1055 a
83 1032 122 1070 quo
136 1021 251 1066 praeeunte
269 1014 382 1066 penderet3
398 1016 454 1067 quod
468 1015 527 1054 nullo
542 1016 606 1053 modo
621 1017 685 1066 poeta
699 1015 776 1052 voluit:

54 1080 105 1106 nam
120 1079 181 1104 voces
192 1079 278 1118 possunt
287 1069 348 1121 pulsa
357 1069 471 1116 respiciunt
483 1067 554 1105 omnia
566 1074 648 1117 creata,
663 1066 688 1105 de
702 1065 777 1117 quilius

53 1121 75 1158 iu
87 1134 119 1158 vv.
130 1120 176 1158 352.
186 1120 231 1157 358.
242 1120 287 1158 361.
300 1120 367 1158 369.“
383 1122 457 1158 [Vnt.

106 1171 151 1211 375.
178 1170 297 1222 terraeque]
319 1170 385 1209 Bentl.
403 1170 457 1210 coni.
473 1181 569 1211 terraeve.
587 1189 613 1200 -
625 1185 696 1225 ¹neque
714 1168 776 1206 Wak.

55 1222 120 1261 edidit
136 1233 186 1260 curn
198 1222 264 1272 Lugd.
280 1224 297 1260 1.
306 1222 325 1261 2.
343 1221 405 1263 vinu
422 1224 482 1262 Poor.
501 1222 550 1261 Brit.
563 1224 581 1261 1.
598 1224 658 1260 Cant.
675 1228 697 1259 et
710 1221 777 1268 Brir.;

53 1275 118 1325 vulgo
130 1289 174 1312 aec·
765 1289 768 1293 ·

105 1326 150 1364 376.
177 1323 274 1370 immani]
287 1322 353 1360 Bentl.
365 1322 408 1375 legi
417 1323 462 1362 vult
471 1326 570 1372 immane,
587 1322 643 1363 haud
653 1322 716 1362 dubie
728 1334 778 1361 curn

50 1389 110 1429 potet
121 1373 268 1413 adverbialiter
280 1380 434 1424 constructum,
451 1376 485 1413 cui
496 1376 630 1413 coniecturae
640 1389 683 1413 non
693 1387 777 1426 possum

53 1428 164 1479 suffragari
177 1438 224 1463 cum
235 1425 294 1463 Wak.
309 1448 334 1453 —-
348 1429 464 1478 respectat]
479 1427 527 1464 Brit.
539 1429 558 1467 2,
572 1438 683 1480 spectatur.

105 1480 186 1518 V.380.
213 1477 303 1514 iteratur
314 1477 371 1515 infra
380 1492 400 1518 v.
412 1480 469 1518 1216.
739 1515 741 1518 .

105 1532 150 1571 383.
177 1529 280 1582 aliquam]
304 1530 382 1569 Britss.
399 1532 477 1584 aliquo.
489 1551 515 1558 -
529 1529 599 1581 longi]
618 1531 679 1569 Poor.
698 1529 746 1567 Brit.
758 1531 777 1569 1.

54 1586 122 1635 longo.
137 1601 161 1611 -
176 1584 294 1620 certaminis
305 1581 364 1630 ollis]
378 1583 439 1620 Poor.
450 1581 502 1621 Brit.
512 1584 531 1621 1.
543 1583 591 1620 Ver.
603 1583 655 1621 Ven.
668 1585 777 1621 certamine

54 1637 114 1681 solis,
128 1632 165 1671 sed
175 1634 221 1672 ollis
231 1633 253 1669 in
263 1632 359 1684 margine
371 1635 418 1672 Ver.
430 1633 549 1683 appositum
560 1639 601 1680 est,
615 1632 664 1670 Brit.
673 1635 693 1672 2.
703 1634 723 1672 3.
735 1649 777 1672 cer·

54 1689 135 1725 termina
145 1685 205 1730 solis,
218 1684 271 1721 Brix.
283 1687 393 1724 certamine
404 1686 463 1732 ollis,
477 1684 537 1722 Vind.
549 1687 658 1723 certamine
672 1686 717 1723 otis.

106 1735 151 1776 384.
179 1735 286 1783 „Rectum
298 1742 352 1774 erat:
367 1736 401 1774 vel
413 1749 461 1774 curn
471 1736 502 1774 sol
515 1742 540 1774 ac
552 1748 617 1786 vapor
626 1736 723 1773 humores
736 1737 777 1774 evi-

56 1786 119 1835 cerit3
133 1787 167 1826 rel
183 1799 233 1825 cum
248 1787 346 1825 humores
359 1787 426 1826 solem
436 1788 566 1838 superarint,
580 1788 726 1839 coloremque:
740 1788 778 1825 sed

55 1840 124 1878 subito
141 1839 233 1890 quodam
246 1838 320 1876 furore
330 1840 414 1888 poetico
425 1846 496 1877 noster
509 1840 534 1877 de
546 1845 604 1878 recta
615 1845 733 1876 structurae
744 1840 778 1878 via

55 1892 157 1940 turbatus,
170 1889 282 1940 periodum
293 1890 366 1928 ordine
377 1891 516 1942 grammatico
528 1904 571 1929 non
581 1890 680 1937 absolvit3
695 1898 778 1941 partem

56 1943 145 1981 alteram
160 1943 265 1993 excipiens
281 1942 411 1994 argumenti,
426 1950 527 1994 quatenus
546 1955 592 1980 eam
607 1954 655 1979 sane
670 1950 777 1981 exsecutus

58 2002 89 2033 est
99 2008 148 2032 nior
158 1994 184 2032 ad
194 2007 213 2032 v.
224 1995 269 2033 412.
279 2007 327 2033 cum
338 1995 380 2032 alia
389 1995 452 2047 longe
462 1995 555 2032 formula
564 1994 690 2032 sermonis.“
705 1998 752 2033 We
759 1999 777 2037 lc.

109 2048 154 2085 335.
182 2050 329 2098 exsuperarint,
342 2045 356 2083 i.
367 2059 385 2085 e.
396 2047 545 2094 remanserint,
560 2045 711 2096 superfuerint,
726 2059 777 2085 neu-

58 2097 106 2135 trali
117 2097 176 2135 verbi
188 2103 299 2147 potestate,
311 2105 335 2135 ut
344 2099 377 2143 Vi,
385 2099 448 2145 1276..
460 2097 498 2145 vel,
513 2098 582 2148 qrroad
592 2098 680 2137 verbum
690 2098 778 2149 simplex

58 2165 164 2202 superare,
180 2151 195 2198 J,
206 2150 250 2190 673·
262 2150 307 2190 790.
321 2151 345 2196 Il,
356 2150 401 2190 570.
415 2150 439 2199 V,
449 2148 493 2190 804.
505 2156 544 2189 etc.

93 2202 156 2291 2339.
181 2205 297 2249 verrentes]
321 2202 370 2242 Ver.
392 2202 443 2242 ven.
461 2213 568 2242 uertentes·
597 2201 655 2251 (tid.
672 2214 735 2252 supra
751 2201 778 2239 ad

59 2265 78 2290 v.
107 2254 152 2301 67.)

112 2305 156 2343 390.
184 2303 321 2355 Deminuunt]
336 2304 398 2344 Poor.
413 2303 462 2342 Brit.
474 2305 492 2343 1.
503 2306 522 2344 2.
540 2306 587 2344 Ver.
603 2306 654 2343 Veri.
668 2304 714 2343 Ald.
728 2306 746 2344 l.
757 2307 776 2345 2.
804 2336 807 2342 .

60 2359 109 2394 Bon.
120 2356 175 2395 lunt.
186 2359 315 2405 Diminuam,
329 2354 411 2408 vulgari
422 2368 499 2396 errore.
514 2356 574 2405 (Vici.
584 2369 646 2407 sup-ra
657 2356 683 2395 ad
694 2357 777 2405 vaus.)

112 2408 158 2448 301.
185 2411 214 2446 Et
223 2408 312 2458 siccare]
326 2408 375 2446 Brit.
387 2410 406 2448 3.
418 2413 451 2447 Ex
461 2410 543 2450 siccare.

111 2457 158 2499 394.
185 2459 278 2508 certant]
293 2459 340 2498 Brit.
352 2462 371 2498 2.
388 2471 480 2502 tentant,·
492 2489 505 2507 n
512 2461 609 2510 librario,
622 2467 646 2498 ut
661 2460 723 2500 Wak.
736 2472 777 2510 pu-

60 2511 251 2562 taurinantium
265 2511 404 2550 consimilium
420 2511 548 2563 syllahorum
564 2526 606 2551 nou
623 2519 778 2565 concoquerrte3
