1690 2654
328 80 436 136 arara
451 81 469 120 1.

78 225 79 228 ,
93 196 133 236 Sed
143 193 208 247 magis
217 196 296 235 aeterna
306 191 402 243 pollentia
411 187 549 241 simplieitater

92 250 148 287 Unde
159 261 222 297 neque
233 247 294 286 avelli
304 245 423 295 quidquam,
435 257 498 294 neque
511 240 595 283 diminui
606 241 648 283 iam
720 286 723 291 ,

93 300 185 340 Concedit
193 303 274 346 natura,
287 309 391 336 reservans
399 295 473 334 semina
483 298 548 335 rebus.
605 328 607 332 .
667 331 672 338 ,
719 293 759 335 615

87 364 90 368 ⁴
118 353 233 398 Praeterea,
244 350 283 387 nisi
295 349 333 387 erit
343 348 466 394 minumum,
478 347 594 395 parvissima
605 358 695 399 quaeque

93 404 182 452 Corpora
195 403 309 439 constabunt
318 400 341 437 ex
351 399 442 449 partibus
452 399 543 437 infinitis:

92 455 170 503 Quippe
182 453 220 491 uhi
229 452 323 491 dimidiae
335 451 396 500 partis
407 463 453 501 pars
464 463 540 500 semper
551 450 634 492 habebit

91 505 201 545 Dimidiam
211 509 299 555 partem,
312 517 347 542 nee
358 515 390 541 res
402 503 505 552 praefiniet
516 503 566 541 ulla.
588 538 590 541 Α
603 509 606 514 ’

92 559 147 609 Ergo
158 570 225 595 rerum
234 557 286 595 inter
297 567 395 594 summam
405 555 554 604 minumamque
567 553 615 604 quid
624 553 686 595 escit?
717 553 757 594 626

92 610 126 649 lia
139 609 187 657 erit,
199 613 222 647 ut
231 609 311 647 distent:
325 621 372 647 uam
383 608 474 657 quamvis
484 607 572 645 irmditns
584 607 648 645 omnis

92 662 175 700 Summa
185 661 210 699 sit
221 660 310 707 infinita,
324 663 401 708 tamen,
412 660 531 709 parcissima
542 661 653 709 quaesunt,

91 715 122 752 Ex
133 712 342 763 infinitis-constalmnt
351 712 439 761 partibus
451 724 520 761 acque.

91 766 162 814 Quod,
177 764 270 815 quoniam
281 764 332 803 ratIo
341 765 436 802 reclamat
447 776 505 811 vera,
520 766 621 814 negatque

76 818 176 867 ,Credere
186 818 243 866 posse
252 817 351 864 animum,
364 816 427 855 victus
438 817 513 854 fateare
522 818 600 855 neccsse
610 818 646 864 est,
717 812 757 854 625

91 870 140 907 Esse
151 871 185 916 ea,
202 881 252 917 quae
263 868 323 906 nullis
333 868 375 906 iam
386 867 476 917 praedita
486 867 574 918 partibus
585 870 665 915 exstent,
676 867 678 870 ’

91 922 118 960 Et
125 920 214 958 minuma
223 922 312 959 constent
321 922 401 959 natura:
415 931 466 970 quae
476 919 569 969 quoniam
580 922 631 966 sunt,

92 972 138 1011 Olla
149 985 225 1021 quoque
237 984 278 1011 esse
289 971 328 1009 tibi
338 972 401 1010 solida
411 973 469 1020 atque
480 974 560 1009 aeterna
569 971 678 1009 fatendum.

117 1023 216 1072 Denique,
226 1023 247 1060 ni
256 1023 355 1061 minumas
364 1022 386 1060 in
397 1023 471 1072 parteis
480 1026 551 1061 cuncta
558 1022 632 1062 resolvi

91 1075 168 1126 Cogere
177 1077 287 1113 consuesset
296 1086 362 1112 rerum
371 1078 444 1112 natura
456 1072 548 1122 creatrix,
697 1071 757 1125 ,630
803 1124 804 1127 ¹

90 1128 134 1166 Iam
144 1125 198 1164 nihil
208 1139 231 1164 ex
243 1126 287 1164 ollis
296 1126 365 1163 eadem
376 1138 469 1174 reparare
480 1126 567 1165 valeret:

90 1179 207 1227 Propterea,
221 1178 280 1227 quia,
293 1189 344 1226 quae
355 1178 415 1216 nullis
425 1182 470 1216 sunt
478 1177 567 1227 partibus
580 1179 644 1225 auca,

89 1229 134 1269 Non
145 1233 225 1279 possunt
234 1242 269 1277 ea,
283 1241 334 1279 quae
343 1229 400 1268 debet
409 1229 502 1281 genitalis
512 1230 587 1268 habere

90 1281 196 1329 Materies,
209 1282 274 1320 varios
287 1293 394 1329 connexus,
407 1283 505 1331 pondera,
518 1282 596 1332 plagas,

90 1334 212 1382 Caucasus,
224 1337 303 1380 motus,
316 1346 352 1383 per
361 1332 414 1383 quos
423 1346 455 1371 res
466 1346 555 1383 quaeque
567 1335 669 1384 geruntur.
715 1330 756 1372 635

115 1385 252 1435 Quapropter,
266 1385 312 1434 quei
322 1385 426 1424 materiem
435 1398 502 1424 rerum
512 1399 554 1424 esse
562 1388 656 1435 putarrmt
687 1425 690 1431 ,

89 1437 170 1487 Ignem,
184 1441 244 1487 atque
255 1450 279 1475 ex
290 1437 334 1488 igni
343 1450 442 1476 summam
452 1438 557 1476 consistere
568 1438 618 1486 solo,
667 1456 668 1459 ¹

54 1518 56 1520 ψ
89 1489 164 1539 Magno
174 1502 233 1538 opere
244 1501 256 1528 a
266 1501 313 1527 vera
322 1489 385 1541 lapsoi
394 1490 470 1528 ratione
478 1490 574 1528 ridentur.

89 1540 202 1580 Heraclitus
212 1540 250 1579 init
258 1553 342 1592 quorum
351 1541 390 1579 dux
400 1542 476 1591 proelia
486 1541 567 1591 prunus,

90 1592 160 1630 Clarus
171 1594 196 1632 ob
204 1593 312 1638 ,obscuram
322 1592 412 1642 linguam
423 1593 488 1645 magis
500 1594 551 1632 inter
560 1591 643 1640 inaneis,
713 1587 754 1631 646

90 1644 180 1691 Quamde
192 1645 271 1694 graneis
282 1644 334 1683 inter
345 1643 427 1692 Graios,
440 1645 485 1694 quei
493 1658 542 1684 vera
552 1644 662 1694 requirunt.

90 1695 162 1735 Omnia
174 1696 227 1734 enim
235 1696 312 1736 stolidei
320 1697 385 1747 magis
394 1697 516 1736 admirantur
525 1702 636 1746 amantque,

89 1747 175 1787 lnrorsis
185 1761 236 1797 quae
246 1749 283 1786 sub
292 1749 357 1787 verbis
368 1749 468 1788 latitantia
479 1751 569 1795 cernunt3

89 1799 179 1849 Veraque
189 1799 319 1848 constituunt,
333 1812 384 1850 quae
392 1802 444 1840 bello
452 1805 534 1852 tangere
543 1803 625 1850 possunt

88 1851 169 1899 aureis,
183 1854 202 1889 et
212 1852 278 1900 lepido
291 1864 341 1901 quae
352 1856 396 1891 sunt
403 1854 472 1893 fucata
482 1865 558 1892 sonore.
712 1846 752 1889 645

113 1903 166 1942 Nam
177 1916 227 1953 quur
234 1907 280 1942 -tam
292 1905 362 1943 variae
371 1917 402 1943 res
411 1908 490 1955 possent
495 1916 547 1955 esse,
560 1901 647 1954 requiro,

88 1954 118 1998 Ex,
130 1955 196 1994 unosi
205 1958 250 1994 sunt
261 1955 304 2006 igni
313 1969 403 2006 puroque
411 1957 505 1995 creatae?
702 1967 704 1969 ·

88 2006 122 2044 aa
129 2008 230 2056 prodesset
243 2008 296 2047 enirn
303 2008 389 2046 calidum
401 2008 499 2048 denserier
510 2007 584 2060 ignem,
597 2036 598 2039 =

88 2057 129 2096 Nee
136 2060 235 2108 rarefieri,
249 2059 266 2099 si
277 2062 342 2110 partes
352 2060 405 2111 ignis
417 2063 499 2100 eandem
736 2106 738 2110 .

88 2108 196 2160 Naturam,
212 2124 271 2162 quam
283 2116 335 2151 totus
345 2113 475 2163 lrahetsuper
486 2112 552 2165 ignis,
565 2112 668 2153 haberent.
711 2105 751 2148 650

88 2160 156 2200 Acrior
167 2164 226 2203 ardor
236 2164 289 2204 enim
300 2164 410 2203 conducteis
421 2166 510 2215 partibus
521 2170 578 2213 esset,

87 2211 208 2264 Languidior
216 2228 276 2265 porro
286 2216 382 2254 disiecteis
393 2217 462 2266 disque
471 2218 563 2267 snpateis,

88 2262 176 2312 Amplius
185 2268 225 2306 hoc
234 2268 279 2307 fieri
287 2268 338 2307 nihil
348 2273 377 2307 est
387 2270 439 2317 quod
448 2282 505 2319 posse
513 2268 576 2308 rearis
591 2294 595 2300 ⁴
611 2315 612 2318 Ἴ
659 2288 661 2292 r

88 2313 172 2356 Talibus
181 2319 202 2357 in
213 2320 288 2366 causis;
301 2321 374 2359 nedum
382 2321 480 2360 variantia
490 2334 557 2360 rerum
724 2361 747 2373 η

88 2363 219 2418 Tantaqueat
230 2372 294 2411 densis
304 2372 393 2421 rarisque
404 2386 429 2412 ex
437 2372 517 2424 ignibus
529 2385 576 2412 esse.
684 2394 686 2397 v
710 2363 749 2404 ⁶⁰³

87 2415 111 2453 ld
123 2430 207 2481 quoque,
221 2424 238 2462 si
250 2424 324 2463 faciant
332 2425 441 2464 admixtum
451 2426 510 2464 rebus
520 2424 584 2473 inane,

88 2467 170 2510 Denscu
179 2478 271 2524 poterant
280 2477 346 2530 ignes,
359 2477 450 2530 rareique
460 2478 558 2528 relinqui:
