1690 2654
69 104 117 152 512
287 93 567 150 annorxrronns

120 217 168 257 672*
193 220 235 264 Et]
255 215 286 256 sic
295 217 357 257 Wak.
375 230 423 256 curn
437 216 533 255 omnibns
550 215 622 264 libris;
641 216 703 267 vulgo
720 219 785 263 Um

69 269 164 306 Lambini
176 269 270 309 arbitrio.
284 291 309 298 -
324 298 338 319 ,,
346 281 425 308 coortu:
439 281 478 306 vox
490 270 620 317 Lucretiana,
633 269 690 318 prins
702 267 786 305 adhibi-

69 327 90 358 ta
99 321 122 358 in
133 324 161 368 ΙΙ,
174 323 231 361 1105.
246 321 342 371 [1106.],
358 334 411 371 quae
426 320 523 358 notitiam
539 320 736 372 lexicograplrorunr
751 319 786 357 fn-

69 374 124 423 git.“
143 376 214 412 Walc,
243 373 403 419 Quorumnam?
419 386 448 417 ,an
464 372 594 423 auglorum?
614 373 700 411 Gesner.
706 402 713 422 ‚
732 374 785 410 For-

70 424 128 471 cell.‚
143 424 242 468 Scheller.
254 438 328 464 vocem
339 438 382 462 non
393 425 515 463 omiserunt.
739 435 748 443 ‘
838 472 839 475 Ἴ

122 478 166 515 673.
194 479 317 528 tetulerunt]
336 479 400 514 Poor.
417 477 467 514 urit„
481 479 499 515 1.
516 478 640 525 retulerunt,
660 477 719 515 Cant.
737 477 784 513 Ver.

69 529 121 567 Ven.
132 529 259 574 detulerunt,
274 541 337 579 quam
347 529 472 575 lectionem,
485 529 553 566 verbis
563 528 668 575 traiectis,
683 531 713 566 ita
725 530 785 566 cletu-

69 581 137 620 Ierunt
150 596 184 627 se,
210 580 271 618 Wak.
288 580 375 618 minime
388 579 528 631 spernendam
548 586 624 620 censet.
649 579 700 617 Mihi
713 586 786 616 tamen

70 632 173 684 vulgariS‚
187 638 260 681 utpote
271 631 384 680 difficilior,
398 632 537 682 praeferenda
548 631 636 668 videtur.
663 630 785 681 Antiquissi-

69 696 116 721 mos
129 683 185 720 enirn
202 686 307 721 Romanos
325 686 385 722 tetuli
400 696 438 732 pro
453 683 542 731 simplici
554 685 593 720 tuli
610 682 686 729 dixisse
697 688 784 720 constat.

72 735 144 782 (Gonf.
160 734 226 774 Plaut.
238 735 312 785 Amph.
323 737 353 783 ΙΙ,
369 736 389 782 2,
400 732 432 775 84.
455 734 507 774 llud.
517 733 571 783 prol.
587 735 619 774 68.
641 734 687 772 Gist.
698 737 738 782 ΙΙΙ,
752 736 784 774 19.

69 788 154 826 Terent,
166 787 229 828 Andr.
240 787 276 833 IV,
285 789 302 835 6,
317 788 347 827 13.
361 787 416 835 etv,
429 788 448 836 1,
460 787 492 826 13.
506 785 586 823 Nonius
596 786 620 835 ΙΙ,
632 787 677 826 839.
690 789 748 827 Voss.
759 785 785 824 de

70 840 124 877 anal.
138 841 176 886 ΙΙΙ,
189 841 220 878 19.
234 845 254 876 et
264 840 297 878 37.
310 846 330 875 et
344 838 440 875 lluddim.
456 841 504 876 lnst.
517 840 552 876 Gr.
563 840 578 876 Ι.
589 850 608 887 p.
621 840 666 877 209.
685 845 729 876 not.
744 840 784 887 16„

71 892 107 941 qui
117 898 188 928 tamen
200 892 256 928 hanc
270 890 362 927 formam
377 890 432 927 male
442 889 519 927 refertt
528 889 555 926 acl
565 890 629 926 verbo
643 891 719 928 tollere

121 943 146 979 V.
158 942 202 982 675.
230 941 283 980 mire
294 941 374 980 vexavit
388 941 523 992 interpretes,
544 954 595 991 quos
607 940 663 979 diem
677 953 728 991 prae
737 940 785 979 lnce

70 1007 113 1033 non
124 993 198 1031 vidisse
208 1000 271 1044 puto,
292 1007 356 1045 quum
370 1006 454 1031 versum
470 993 631 1045 liquidissimum
646 993 703 1030 vanis
715 993 786 1032 conie-

72 1046 136 1083 cturis
149 1045 312 1086 sollicitaverint.
339 1046 412 1083 Lanrb.
425 1046 480 1082 enim
493 1060 504 1083 e
518 1045 571 1083 coni.
583 1045 648 1082 edidit
654 1048 739 1098 fluvius,
751 1046 786 1098 qui

70 1109 164 1143 nonest,
178 1101 276 1137 maximus
288 1101 317 1137 eii
328 1109 370 1146 est,
385 1111 448 1148 quern
459 1097 514 1147 vulg.
528 1097 586 1136 editt.
599 1110 670 1135 omnes
680 1110 746 1148 usque
758 1096 786 1134 ad

70 1151 122 1188 llav.
135 1156 234 1199 sequutae
246 1155 305 1198 sunt3
328 1150 414 1189 Salmas.
425 1148 479 1188 coni.
485 1152 566 1201 fluvius
575 1153 621 1202 quis
631 1148 656 1196 (i.
667 1161 685 1189 e.
696 1149 784 1203 aliquis)

71 1205 128 1241 visus
141 1205 241 1240 maximus
249 1204 279 1240 eii
284 1229 290 1247 ‚
311 1200 394 1241 Vossius
402 1204 481 1253 fluvius
495 1204 562 1254 quivis
572 1212 595 1239 ut
605 1204 704 1240 maximus
715 1204 743 1240 eii
753 1205 785 1248 ἐι,

72 1253 129 1302 quod
143 1253 233 1303 Preiger.
249 1252 353 1302 probavit.
379 1255 429 1292 Har.
446 1265 496 1290 vero
513 1258 570 1289 recte
584 1252 674 1289 restituit
691 1253 785 1290 omnium

70 1303 175 1342 librorum
189 1304 313 1352 lectionem,
328 1317 391 1354 quam
402 1317 450 1341 cum
461 1304 521 1351 Wak.
533 1310 553 1340 et
563 1303 639 1342 Eichst.
652 1304 784 1342 retinuimus.

71 1359 152 1402 Sensus,
167 1368 228 1406 quem
239 1358 290 1394 Hav.
302 1363 322 1393 et
332 1355 393 1394 Walx.
403 1356 469 1406 probe
479 1355 568 1406 *quidem
576 1356 702 1407 perspexisse
714 1357 786 1395 videno

71 1415 117 1457 tur,
132 1407 168 1445 sed
179 1407 311 1446 artificiosius
328 1408 457 1459 exprimunt,
473 1407 587 1458 (siquidem
599 1408 635 1445 ille
647 1413 703 1447 uisus
717 1407 785 1458 expli·

72 1467 116 1498 cat:
134 1463 224 1513 primus,
239 1472 287 1498 anre
296 1462 348 1499 alios
361 1463 427 1507 visus,
441 1460 476 1497 hic
489 1472 551 1497 vero:
571 1461 784 1500 metuendumne

71 1516 146 1558 visun)
161 1511 313 1562 simplicissime
329 1511 364 1549 hic
379 1518 420 1549 est:
444 1511 511 1549 omnis
526 1511 613 1560 fluvius,
632 1515 745 1566 quicunque
757 1514 786 1550 sit

71 1564 97 1601 ah
109 1564 179 1614 aliquo
191 1575 316 1616 conspectus,
332 1564 362 1611 ei,
377 1564 413 1613 qui
422 1563 525 1601 maiorem
536 1569 598 1600 antea
608 1577 650 1601 non
662 1563 723 1613 vidit,
737 1576 785 1601 ma-

71 1616 139 1653 ximus
149 1615 236 1656 videtur,
264 1616 361 1653 Ceterum
373 1628 422 1653 cum
429 1615 489 1653 Wak.
500 1621 521 1652 et
531 1614 626 1652 omnibns
636 1615 694 1653 libris
703 1620 723 1655 ei
733 1616 786 1653 scri-
814 1623 816 1626 ’

71 1667 157 1717 psimus,
170 1680 214 1704 non
223 1670 263 1715 eii,
276 1674 301 1704 ut
311 1667 373 1718 vulgo
384 1667 498 1713 exhibetur,
513 1666 583 1715 (conf.
595 1667 622 1704 ad
632 1671 656 1713 V,
669 1669 713 1707 753.
720 1670 740 1716 )3
754 1679 785 1706 est

71 1726 143 1759 autem
157 1718 179 1755 in
195 1719 238 1756 fine
253 1731 323 1756 versus
339 1731 388 1756 cum
403 1719 477 1756 Eichst.
493 1717 620 1756 restituimus
632 1731 643 1756 e
654 1719 714 1759 Vind.
724 1722 784 1757 Poor.

72 1771 147 1817 Cant,
162 1783 227 1821 quum
237 1776 312 1807 notum
327 1771 365 1819 sit,
384 1771 464 1821 saepius
475 1770 531 1808 hano
544 1770 641 1808 voculam
653 1767 678 1808 in
684 1771 726 1810 fine
736 1784 785 1810 ver-

71 1834 131 1861 suum
148 1821 253 1860 excidisse.
279 1823 329 1862 Hav.
341 1828 362 1859 et
372 1823 431 1873 Wak.
443 1822 564 1860 omiserunt.

123 1875 168 1914 677.
196 1873 259 1923 omni]
274 1873 334 1911 Vind.
344 1876 405 1914 Poor.
413 1874 465 1913 Brit.
475 1876 493 1913 Ι.
505 1876 523 1914 3.
533 1873 585 1911 Brix.
596 1874 645 1913 Ver.
650 1875 701 1913 Ven.
713 1877 784 1914 omnis.

123 1928 168 1966 678.
196 1928 225 1963 De
241 1925 376 1977 gradatione,
398 1939 451 1976 quae
466 1926 520 1964 inest
534 1926 603 1963 verbis
614 1942 700 1978 mugnus
716 1934 737 1964 et
750 1931 785 1966 in-

71 1993 132 2031 gens,
146 1976 206 2016 Wak.
217 1977 311 2015 conferri
321 1977 379 2015 iubet
390 1977 523 2017 Westerhov.
535 1977 562 2015 ad
572 1979 620 2015 Ter.
631 1981 682 2017 Eun.
691 1980 725 2027 ΙΙΙ,
737 1980 754 2026 Ι,
765 1981 784 2018 1.

123 2028 168 2070 684.
190 2029 240 2080 fere
249 2031 343 2077 silicum]
358 2029 410 2067 Brix.
424 2031 472 2067 Ver.
486 2028 617 2078 Vemfereus
628 2032 660 2069 illi
670 2046 719 2080 cum,
734 2031 783 2070 Brit.
837 2076 840 2078 -

71 2081 90 2121 3.
97 2082 144 2134 fere
153 2082 187 2120 illi
197 2097 248 2130 cum,
263 2080 403 2129 &iussores
414 2084 464 2121 illic.
477 2102 504 2110 -
517 2082 616 2132 suffulta]
631 2083 688 2120 Cant.
699 2085 783 2135 suflnta.

123 2135 169 2174 688.
196 2134 307 2186 contingit]
330 2133 391 2171 Vind.
403 2135 460 2172 Cant.
468 2134 515 2172 Ver.
524 2137 576 2172 Ven.
588 2137 681 2186 contigit.

124 2187 169 2225 690.
196 2186 264 2234 eiicit]
279 2185 473 2235 sicplurimilihri‚
493 2197 604 2236 quoscum
618 2186 673 2237 vulg.
685 2186 743 2226 editt.
753 2198 785 2224 se-

72 2243 149 2287 quutus
161 2230 222 2277 surn.¹
240 2236 299 2275 Wak.
309 2236 411 2287 (Eichst.)
422 2241 482 2283 eicit,
497 2250 509 2274 e
522 2237 570 2276 Brit.
584 2238 602 2276 1.
614 2239 645 2284 3.;
665 2250 714 2275 nam
726 2239 783 2277 Cant.

72 2287 176 2338 scriptura
191 2292 248 2328 eneis
265 2289 331 2340 magis
347 2290 404 2327 favet
420 2289 523 2340 vulgatae.
552 2289 625 2338 (Conf.
642 2289 703 2327 etiam
720 2290 747 2327 ad
759 2293 784 2337 ΙΙ,

72 2341 118 2381 951.
131 2342 165 2388 ΙΙΙ,
177 2341 233 2390 890.)
248 2342 346 2379 Ceterum
356 2341 391 2379 hic
401 2350 471 2381 versus
482 2340 504 2379 in
513 2340 559 2381 Ald.
571 2343 588 2380 1.
601 2348 622 2379 et
632 2344 682 2379 Bon.
694 2343 785 2380 insertur

72 2393 305 2496 POStliilll927sortitque
318 2444 385 2485 Vossii
401 2452 432 2484 est
450 2444 583 2492 coniectura,
607 2444 634 2482 ah
649 2444 741 2483 Oudend.
758 2445 785 2484 ad

72 2496 110 2537 Iul.
127 2497 216 2553 obsequ.
232 2497 304 2537 c112.
317 2498 420 2549 probata,
438 2505 459 2536 et
473 2510 486 2536 a
499 2496 559 2538 Wak.
577 2496 677 2548 (Eichst.)
691 2504 784 2550 recepta.
