1690 2654
54 110 102 158 500
275 113 546 155 Auuorurrouus

26 225 28 231 '
53 229 137 274 praeter
146 223 201 260 hanc
211 229 254 261 tres
270 223 319 261 alias
328 224 400 262 locum
416 224 501 261 sanandi
513 224 613 273 proponit
624 226 726 271 rationes,
745 233 769 264 ut

53 275 133 312 scilicet
144 275 239 327 legamus
249 279 337 315 humecti
348 281 434 322 mittere,
451 276 476 322 (i.
488 289 505 313 e.
516 277 644 324 humidi,vel
655 279 769 328 humoris),

53 340 116 377 quam
129 328 173 377 ipse
190 328 213 365 in
224 335 323 366 contextu
337 335 435 379 sequutus
453 334 494 375 est,
515 335 551 365 aut
566 332 669 368 humentia
681 335 768 380 mittere,

53 385 90 415 aut
107 380 197 430 denique
214 391 255 418 tum
271 384 357 419 ventrim
376 386 467 426 mittere,
487 380 510 427 (i.
526 393 543 417 e.
560 387 665 419 tumorem
682 385 768 428 suum),

53 443 107 480 quae
123 432 218 469 omnium
232 432 320 469 minime
337 432 410 481 placet.
443 432 499 469 Libri
513 439 593 470 veteres
609 434 662 471 baec
678 435 766 472 liabent:

51 482 101 521 Ver.
117 486 168 522 Ven.
179 488 270 527 tumenti,
284 491 382 534 receptae
392 484 477 538 lectioni
488 497 551 534 quam
563 486 676 533 simillime,
692 486 738 523 Brit.
749 487 768 526 3.

50 536 149 583 humenti,
164 538 223 575 Cant.
235 541 275 574 vim
285 541 347 575 venti.
368 536 433 573 ceteri
446 549 517 573 omnes
529 540 549 574 ui
560 542 623 585 uenti,
637 538 693 589 quod
704 539 767 589 vulgo

52 586 133 632 editur,
153 589 286 626 sedeversu
295 595 396 638 sequente
406 589 597 628 sumtumuidetur.
620 602 628 605 ⁴

104 652 150 691 511.
177 653 301 702 nimborum]
322 653 373 691 ssrix.
388 656 435 690 Ver.
452 656 504 690 Ven.
519 655 655 692 membrorum.
670 676 694 681 —
708 655 768 692 turbu

50 703 140 751 maiore]
161 703 220 740 Vind.
235 705 282 740 Brit.
296 706 314 743 1,
330 706 377 740 Ver.
389 707 438 741 Ven,
455 707 534 742 turboni
548 722 613 750 utere,
633 707 691 744 Cant.
707 708 768 744 turbu

50 758 137 801 minore,
151 755 216 806 Lugd.
230 758 247 794 1.
263 758 322 793 Poor.
335 757 386 793 Brix.
399 757 503 794 turbarum
516 772 580 805 more,
596 757 659 808 Lugd.
670 759 689 796 2.
699 759 767 795 tnrhni

50 822 116 855 more,
136 807 188 844 Brit.
199 809 217 846 3.
235 810 329 846 turbatus
346 810 433 846 liunture.
447 829 473 834 —
487 820 559 845 coactu
576 809 635 847 Wak.
651 809 766 846 restituite

49 858 112 911 Popr.
121 860 168 895 urit.
179 861 196 898 1.
207 861 226 899 3.
243 859 323 909 cunctis
339 860 396 898 editt.
408 866 457 897 vett.
471 866 491 896 et
505 860 582 897 Heinsii
595 861 687 908 collett.;
710 865 766 899 Cant.

50 921 137 961 empta,-
156 910 219 960 vulgo
233 924 314 959 coorta,
333 912 390 962 quod
402 912 541 962 Havercampi
555 912 618 952 Godd.
632 913 680 952 solis
691 912 765 959 inesse,

48 960 113 999 liceat
126 962 228 1000 dubitare.
250 989 252 995 ,
386 995 388 999 t

102 1015 146 1053 512.
178 1019 270 1064 [ligneus
279 1014 315 1063 ex]
330 1014 425 1052 itaWak.
438 1014 534 1062 restituit,
548 1015 624 1064 partim
633 1015 705 1059 codd,
718 1028 765 1064 par-

49 1064 87 1101 tim
97 1065 181 1115 ingenio
195 1079 276 1115 parens.
305 1068 438 1116 Participium
452 1067 507 1104 enim
520 1080 557 1116 pro
576 1067 657 1116 vulgari
672 1072 734 1118 Urget
745 1078 765 1105 et

48 1117 152 1166 praebent
163 1118 236 1166 optimi
248 1118 312 1157 Codd.
325 1120 389 1169 Lngd.
400 1123 416 1156 1.
428 1121 458 1161 2,;
478 1135 502 1156 ex
515 1126 584 1156 eutem
596 1119 669 1165 Walr.,
683 1131 765 1155 morem

49 1169 141 1206 Lucretii
152 1177 262 1218 sequutus,
275 1170 343 1212 (conl.
355 1173 383 1212 ll,
393 1170 437 1208 241.
451 1168 496 1208 248.
512 1172 546 1216 lV,
558 1171 589 1209 34.
602 1173 655 1217 etc.)
673 1183 696 1207 ex
707 1170 765 1219 inge—

49 1220 84 1257 nio
96 1220 166 1270 posuit
174 1220 222 1257 loco
233 1220 312 1270 vulgati
322 1238 338 1266 e,
354 1234 418 1271 quum
431 1221 496 1272 Lugd.
509 1223 527 1260 1.
536 1223 555 1261 2.
567 1234 588 1261 et
598 1223 689 1276 (super),
705 1221 764 1260 Vindv

49 1284 99 1309 vero
110 1288 123 1309 a
134 1272 272 1321 suppeditent,
286 1294 312 1299 —
326 1278 364 1322 ac]
380 1277 436 1312 Cant.
449 1286 475 1311 et.

100 1337 146 1375 515.
172 1338 264 1374 stillante
273 1336 333 1373 Wak.
347 1350 371 1374 ex
381 1337 477 1374 omnibus
487 1337 544 1373 libris
556 1344 641 1387 praeter
650 1341 709 1385 lunt,
719 1339 764 1376 etil-

49 1390 111 1426 lando
123 1388 270 1436 praebentem,
290 1389 312 1424 in
323 1396 444 1425 contentum
458 1391 575 1435 revocavit,
590 1390 670 1426 scilicet
683 1396 706 1426 ut
716 1390 764 1426 sub-

47 1439 189 1490 intelligamus
199 1456 221 1477 eo
233 1444 321 1480 linmore,
331 1441 387 1490 qnod
397 1453 446 1477 sane
457 1441 599 1477 duriusculum
606 1440 699 1487 videtur,
714 1454 764 1490 qua-
773 1471 775 1473 .

48 1504 83 1538 re,
102 1492 118 1528 si
136 1491 224 1542 cogitari
235 1499 315 1542 posset,
334 1493 448 1530 lectionem
458 1499 502 1529 tam
515 1493 599 1530 facilem
615 1493 763 1542 etpleuemiu

49 1543 144 1580 omnibus
157 1544 215 1580 libris
226 1551 348 1593 corruptam
362 1558 416 1589 esse,
436 1545 528 1581 libenter
540 1558 589 1581 cum
605 1545 661 1584 etin.
672 1544 764 1594 vulgari-

48 1596 86 1632 bus
108 1596 231 1644 recepissem
248 1595 343 1632 Lambini
366 1596 516 1633 divinationem
534 1599 659 1649 scillamque.
694 1597 763 1635 Gilan.

47 1646 111 1697 longe
125 1646 226 1694 deterius,
244 1648 286 1684 imo
298 1648 395 1697 pessime,
407 1648 461 1687 coni.
472 1650 581 1687 stillantia.

100 1713 146 1751 516.
174 1712 239 1759 Cera]
260 1711 340 1748 Retinui
353 1711 470 1762 vulgatam,
490 1711 576 1756 coinon
590 1712 729 1749 sotumPoor.
742 1718 763 1750 et

47 1765 105 1810 Bon,
113 1776 124 1800 a
131 1762 190 1800 Wak.
200 1762 280 1808 allatos,
287 1763 323 1800 sed
334 1762 395 1813 etiam
408 1765 457 1801 Brix.
466 1764 508 1801 uid.
515 1765 557 1802 12.
566 1767 644 1802 ettunt.
651 1764 722 1801 favere
732 1765 762 1802 vi-

48 1816 126 1859 derum
140 1816 188 1853 Brit.
199 1817 217 1853 1.
232 1819 294 1859 Tere,
308 1815 363 1852 unde
374 1815 453 1852 factum
463 1815 547 1852 videtur
558 1819 613 1862 Tela,
628 1816 683 1865 quod
694 1828 718 1852 ex
728 1828 762 1853 re-

46 1866 109 1917 liquis
117 1866 175 1903 libris
185 1867 266 1915 recepit
278 1867 350 1915 usae,
365 1880 480 1916 provocans
490 1867 515 1903 ad
527 1869 586 1904 Hom.
599 1867 621 1906 ll.
632 1870 704 1916 Xvut,
715 1869 760 1908 595.

47 1925 69 1955 et
77 1919 114 1958 Od.
127 1920 179 1965 VH,
192 1920 248 1964 107.;
270 1919 307 1969 qui
315 1925 387 1956 tamen
397 1919 448 1964 loci,
462 1919 483 1955 iu
495 1919 569 1969 quibus
584 1925 649 1956 vestes
660 1920 693 1956 vel
705 1925 762 1957 texta

46 1970 112 2007 lintea
128 1971 155 2007 ob
169 1971 260 2007 nitorem
276 1971 339 2008 modo
352 1984 401 2008 oum
417 1971 463 2008 oleo
482 1977 642 2018 comparentur,
664 1971 760 2021 prolecto

46 2029 119 2059 nostro
128 2022 206 2059 similes
215 2022 289 2059 haberi
304 2029 418 2073 nequeunt.
446 2023 501 2059 Voss,
514 2022 568 2059 coni.
582 2025 647 2066 Τεᾱα,
661 2036 704 2059 nou
716 2036 760 2060 ma-

47 2073 78 2119 le3
92 2075 127 2111 sed
137 2081 244 2123 receptam
255 2074 368 2111 lectionem
380 2074 477 2124 Virgilius
489 2086 571 2124 quoque
581 2074 625 2114 Ecl.
637 2077 688 2126 Vlll,
700 2077 718 2114 8.
729 2075 761 2113 lu-

47 2138 96 2163 vare
106 2125 196 2175 videtur,
211 2126 267 2177 quod
279 2126 342 2163 etiam
352 2126 413 2164 Wak.
422 2125 531 2163 intellexit.

76 2194 78 2199 ’
99 2191 144 2229 517.
170 2194 268 2242 utraque]
289 2190 319 2228 sic
329 2190 394 2241 Lugd.
407 2192 425 2228 1.
437 2192 456 2228 2.
469 2191 528 2227 Poor,
538 2189 586 2226 Brit.
600 2191 617 2229 1-
628 2187 689 2229 ‘Catu
701 2189 760 2239 Erite,

47 2240 123 2293 quihus
141 2242 201 2280 Wak.
218 2242 381 2292 obtemperavit,
395 2241 449 2278 lianc
465 2241 542 2278 addens
553 2242 760 2291 interpretationem:

46 2297 88 2344 „vi
99 2293 189 2339 scilicet,
202 2300 247 2332 tam
261 2294 415 2332 cumulataruni
425 2306 538 2344 aquarum,
554 2305 616 2344 quam
628 2293 684 2330 venti
699 2293 766 2345 inur-¹

45 2346 136 2397 gentiS.“
164 2346 212 2384 Brit.
223 2348 241 2385 3.
253 2358 342 2399 uterque,
355 2347 403 2383 Ver.
415 2347 466 2384 Ven.
480 2345 525 2383 ald.
538 2347 555 2383 1.
569 2348 616 2382 Bon.
626 2346 682 2384 Innt.
694 2348 759 2383 utrin-

46 2413 95 2451 que5
109 2397 169 2436 Vind.
181 2396 225 2435 Ald.
237 2399 255 2435 ἓ.
268 2411 363 2450 utroque,
377 2404 400 2434 ut
410 2398 479 2448 vulgo.
506 2397 571 2435 Bentl.
589 2397 683 2446 praefert
695 2400 760 2435 utriu-

46 2466 90 2502 qne,
111 2449 168 2501 quod
180 2449 209 2485 sic
221 2449 318 2499 explicat:
336 2449 434 2498 „scilicet
442 2464 531 2500 snper-ne,
546 2448 566 2484 vi
576 2455 596 2485 et
606 2449 667 2498 copia
677 2448 759 2485 nimbo-

45 2514 105 2552 rum,
125 2508 146 2539 et
156 2506 219 2539 vento
234 2504 262 2541 acl
277 2503 357 2547 latera;
374 2500 421 2539 vide
432 2514 450 2541 v.
460 2502 506 2541 509.
527 2500 586 2547 [510.
602 2507 685 2540 nostrae
697 2500 758 2555 edit]
