1690 2654
61 89 110 137 210
243 101 255 122 e
288 66 569 142 annotarto'nns

64 199 116 239 arsis
130 195 253 237 et'ca'esnra
268 209 339 235 secum
354 196 437 243 ferunt,
462 196 550 249 cogitari
568 197 643 245 liceat,
662 205 778 249 propterea

63 252 108 292 iam
119 250 225 289 offendere
237 262 278 287 non
287 255 368 301 potest,
381 249 431 299 quia
440 247 504 286 iidem
516 250 599 287 ablativi
613 250 676 287 etiam
687 252 709 287 in
718 252 725 286 i
735 258 778 288 ter-

64 300 211 351 minabantur,
224 308 286 352 atque
302 301 325 338 in
338 301 450 339 veterrima
460 300 563 339 latinitate
575 304 586 341 ι’
596 307 636 339 et&
647 300 692 338 fere
704 301 778 339 eadem

64 354 214 402 litera-foisse,
228 361 249 391 et
259 353 329 391 medio
343 353 413 404 aliquo
424 365 486 400 sono,
496 353 535 390 'vix
549 352 611 390 aliter
626 365 651 390 ac
666 351 778 403 diphthon-

65 418 104 458 gus
114 409 134 444 ei
143 406 279 455 pronuntiata
288 417 330 444 esse
339 404 442 444 videntur.
457 405 532 453 (Gonf.
542 404 637 444 Schneid.
650 406 684 441 Gr.
695 406 740 442 Lat.
751 406 776 445 n.

64 471 86 509 p.
96 458 142 496 238.
157 455 205 495 coll.
216 469 265 495 cum
276 459 292 498 Ι.
305 470 325 507 p.
334 458 358 497 13
364 458 404 503 ss.)
418 458 433 493 E
445 456 543 494 Lucretio
552 462 662 508 praeterea
670 456 712 494 huc
721 455 778 493 refe-

64 509 127 548 rendi
136 508 181 546 loci
188 509 229 556 111,
241 510 286 549 732.
301 514 322 546 et
333 509 368 557 Vl,
380 507 424 548 695.
648 508 649 511 ¹

118 562 164 600 810.
191 563 282 599 Adiciet
296 560 366 610 recepi
385 572 396 596 e
413 559 477 597 Godd.
493 559 554 599 Vind.
564 558 614 600 Brit.
626 562 645 601 Ξ,
656 561 676 601 3,
687 566 708 599 et
718 559 777 600 editt.

65 611 178 651 Bimatd.
189 614 207 652 1.
218 614 238 651 2.
255 614 305 650 Bon.
323 612 389 656 lunt.;
403 613 450 649 Ver.
466 617 487 648 et
503 613 554 651 ten.
572 611 779 658 adiecerintfceteri

65 663 116 702 libri
126 666 221 708 adiuvat,
234 668 259 700 ut
268 675 340 700 omnes
350 662 406 700 editt.
417 662 551 700 recentiores,
564 662 638 708 ssQnod·
643 665 699 701 enim
709 665 778 714 Preig.

65 722 89 753 et
98 715 158 754 Wak.
169 715 251 762 dicunt,
264 714 387 751 indicativos
399 725 417 753 v.
429 714 467 752 805
478 725 503 750 ss.
518 725 650 764 praegressos
664 714 699 753 hic
714 715 779 752 etiam

64 766 153 805 modum
166 765 303 802 indicativum
316 764 424 814 flagitare,
441 764 483 801 hoc
498 777 533 801 me
546 777 594 802 non.
606 772 688 813 movet,
705 773 730 804 ut
745 771 778 804 tot

63 817 168 856 librorum
176 816 323 854 auctoritatem
333 815 394 852 nihili
403 815 487 861 faciam,
501 816 544 852 imo
555 817 603 853 ilios
611 817 734 855 indicativos
742 817 778 855 hic

64 869 134 921 potius
151 866 373 906 mutandae'lectionis
385 879 457 904 ansam
468 866 547 904 dedisse
555 869 681 918 putaverim.
708 872 779 916 Quum
821 911 824 916 ¹

65 928 138 958 autem
151 932 202 957 voce
217 921 298 958 Scilicet
312 919 435 968 interposita
451 918 500 956 inde
510 931 552 958 av.
565 920 609 959 809.
623 933 678 960 noua
691 920 779 971 incipiat

65 972 179 1019 sententia,
194 984 247 1022 quae
256 983 299 1008 non
308 970 396 1019 amplius
408 970 549 1008 obiectionem
558 971 682 1021 adversarii,
694 971 731 1010 sed
741 984 779 1010 au-

66 1022 206 1073 ctorisipsius
219 1023 283 1061 verba
292 1022 399 1060 continere
408 1023 511 1070 videatur,
526 1023 637 1061 commode
647 1023 778 1062 hiosuhiun-

67 1075 132 1113 oritus
141 1074 201 1125 sequi
210 1080 291 1124 potest,
305 1073 345 1111 etsi
353 1073 477 1113 indicativus
486 1075 628 1122 praecesserit.

70 1137 73 1141 ·
110 1126 164 1175 814.
190 1127 320 1171 multimodis,
328 1122 480 1162 'adverbialiter
492 1123 590 1174 positum,
600 1124 701 1163 ,exhibent
711 1124 778 1164 Codd.

66 1178 133 1228 Lnga.
143 1179 162 1215 2.
174 1176 237 1214 bodl.
254 1176 314 1215 vtnd.
326 1177 375 1215 Brit,
394 1177 411 1214 1.
426 1178 445 1215 2.
459 1178 516 1213 Cant.
532 1182 553 1213 et
570 1189 641 1215 ornnes
653 1177 711 1216 editt.
728 1183 778 1216 vett.

66 1230 118 1268 flav.
129 1227 189 1268 Wak.
198 1227 274 1266 Eichst.
286 1227 357 1265 ,Ceteri
365 1226 445 1264 libriet
455 1228 528 1267 Lamb.
538 1230 602 1267 nzulto
611 1231 682 1267 modis.
700 1229 723 1268 V.
734 1230 778 1268 815.

66 1287 138 1319 autem
148 1282 199 1320 flav.
217 1286 238 1317 et
247 1279 317 1326 Wels.,
329 1278 427 1330 Preigero
442 1279 553 1326 suadente,
572 1292 583 1317 e
601 1279 664 1318 Codd.
679 1280 744 1329 Lugd.
758 1282 778 1319 2.

68 1338 90 1369 et
100 1329 225 1372 Gottrecte
236 1336 362 1381 receperunt
370 1332 445 1379 multa,
460 1330 554 1381 quamvis
565 1333 645 1376 traiecta,
658 1331 680 1368 in
693 1331 779 1382 reliquis

67 1382 125 1421 libris
140 1383 236 1421 omnibus
251 1388 360 1432 appaream
381 1394 431 1419 nam
445 1382 505 1419 valde
524 1389 581 1419 amat
594 1382 779 1420 Lueretiusvoces

67 1434 159 1473 eiusdem
174 1434 329 1486 significationis
344 1434 462 1479 cumulare,
476 1446 518 1484 qua
529 1434 642 1471 verborum
652 1434 779 1473 abundantia

67 1486 97 1525 vis
110 1488 224 1525 sententiae
239 1486 378 1536 adaugeatur;
396 1485 467 1533 (conf.
482 1488 497 1534 l,
513 1486 558 1525 969.
577 1487 602 1534 ll,
618 1487 675 1525 1060.
694 1487 718 1531 V,
733 1487 779 1526 337.

67 1537 126 1579 1489.
144 1545 195 1584 etc.;
215 1537 278 1589 quod¹
293 1536 339 1575 aliis
353 1537 417 1574 etiarn
435 1536 572 1587 scriptoribus
588 1536 690 1586 placuisse
703 1537 780 1575 docent

67 1590 184 1628 Markland.
198 1589 224 1626 ad
238 1593 290 1628 Stat.
307 1588 355 1627 silv.
366 1600 387 1638 p.
399 1589 442 1627 195.
454 1595 475 1626 et
487 1590 552 1637 Heyn.
563 1587 659 1626 ohservv.
667 1587 692 1625 ad
702 1589 779 1627 Tibull.

67 1645 85 1690 1,
96 1643 115 1688 7,
126 1639 157 1680 14.
171 1654 183 1678 a
193 1641 265 1678 Iahnio
276 1640 302 1677 ad
312 1640 369 1690 Virg.
382 1643 431 1677 Aen.
443 1641 478 1687 Vt,
489 1641 535 1679 310.
545 1638 631 1689 allati),
642 1639 676 1676 cui
689 1640 779 1688 accedit,

69 1692 127 1743 quod
141 1691 236 1739 inprimis
251 1691 343 1729 eiusdem
355 1690 411 1728 vocis
423 1692 498 1730 multus
507 1691 538 1728 bis
547 1696 606 1728 terve
616 1690 677 1739 positi
690 1703 779 1730 concur-

68 1755 103 1781 sus
116 1742 138 1780 in
150 1742 233 1781 delictis
246 1748 318 1780 nostro
333 1741 396 1779 fuisse
407 1741 496 1780 videtur.
510 1740 570 1790 (Vid.
583 1742 599 1785 Ι,
614 1740 658 1781 824.
676 1743 732 1782 1023.
750 1744 788 1792 It>

70 1795 115 1834 115.
127 1791 171 1835 664.
183 1794 227 1834 695.
242 1794 266 1841 V,
279 1794 324 1842 188.
333 1790 379 1832 423.
395 1799 415 1830 et
431 1792 461 1830 sic
472 1794 556 1842 porro.)
572 1824 574 1826 .
585 1792 673 1831 Graecis
689 1793 731 1839 hoc
744 1794 780 1831 in-

68 1846 141 1935 ?rilmis
151 1847 173 1884 in
183 1858 236 1883 voce
245 1846 287 1891 πᾶς
295 1851 317 1882 et
327 1843 442 1896 coniugatis
453 1845 553 1883 usitatum
563 1844 637 1895 fuisse,
650 1843 711 1885 Wak.
721 1844 748 1884 ad
758 1846 780 1886 h.

79 1928 84 1939 .
108 1903 163 1938 ocet.
756 1920 757 1923 =

122 1948 166 1989 884.
194 1949 246 1987 Mira
261 1947 296 1986 hic
305 1946 410 1998 reperitur
420 1946 518 1994 varietas,
532 1959 598 1998 quum
607 1946 673 1986 Godd.
682 1947 747 2000 Lugd.
760 1951 778 1989 1.
790 1961 792 1966 ·

69 2002 89 2040 2.
102 2001 160 2039 Bodl.
172 2002 228 2040 Gott.
239 1999 300 2040 Vind.
311 1999 360 2044 Brit.
369 2001 389 2038 2.
400 2001 420 2039 3.
434 2005 455 2036 et
467 1998 525 2037 editt.
536 2000 584 2037 Ver.
595 2000 646 2038 Ven'.
662 2011 701 2049 pro
713 2003 780 2039 verbis

70 2051 181 2089 exhibeant
197 2053 266 2097 bellis,
281 2050 337 2101 quod
350 2050 430 2087 etiarnsi
443 2052 458 2096 l,
468 2047 513 2091 413.
523 2048 567 2091 644.
578 2051 623 2089 932.
635 2047 680 2092 944.
693 2051 794 2100 11,5t9.·

69 2104 111 2148 111,
122 2102 167 2142 4Ξο
177 2102 221 2142 481.
235 2103 271 2150 IV,
283 2104 319 2141 181
330 2114 356 2141 ss.
369 2103 402 2150 VI,
415 2102 446 2141 82.
458 2103 483 2141 92
493 2114 519 2138 ss.
533 2101 620 2152 aliisque
630 2101 682 2139 locis
695 2115 780 2152 compa-

68 2154 131 2201 ratis,
144 2155 166 2190 in
181 2153 254 2205 quibus
267 2155 330 2203 poeta
342 2159 415 2190 noster
429 2165 473 2189 non
489 2152 619 2191 mediocrem
636 2153 661 2191 de
674 2166 696 2192 se
709 2154 780 2204 prodit

20 2203 24 2211 '
69 2204 203 2256 opinionem,
222 2217 271 2242 cum
292 2206 383 2243 versibus
397 2210 542 2241 constructum
559 2204 670 2242 defendere
684 2206 779 2255 velimus,

68 2258 143 2296 tamen
155 2256 180 2294 in·
191 2255 330 2305 collocatione
340 2256 452 2298 verborum
460 2254 595 2294 vehementer
604 2256 733 2296 offendamus
742 2272 779 2297 ne-

70 2320 128 2348 cesse
144 2314 182 2347 est.
200 2306 302 2357 ¹vulgaris
314 2313 395 2354 autem,
417 2319 480 2357 quam
496 2313 580 2357 praeter
597 2308 663 2350 Codd.
677 2311 779 2361 quosdam

70 2362 137 2399 etiam
146 2359 200 2397 Brin.
209 2358 255 2395 ald.
268 2360 285 2398 1·
299 2360 318 2397 2.
331 2360 378 2397 Bon.
391 2363 412 2395 et
423 2360 479 2396 lunt.
492 2359 549 2400 editt.
557 2360 673 2410 praebent,
684 2355 780 2401 defendit

69 2413 130 2452 locus
138 2409 250 2463 parallelus
258 2412 282 2457 H,
288 2412 364 2453 688ss.,
375 2410 412 2446 uhi
420 2409 480 2448 locus
491 2416 567 2462 noster,
578 2412 621 2452 siue
629 2413 669 2453 hac
678 2414 779 2453 verietate

68 2464 177 2516 lectionis,
189 2461 312 2502 adverbum
322 2461 430 2512 repetitur.
