1690 2654
89 46 144 79 nm
233 28 466 80 nneuuuuruu
482 13 566 77 amm
582 28 623 79 ru.
639 27 669 78 v.

91 145 205 197 disputatis,
219 145 244 184 ad
253 147 329 184 ceteros
339 157 407 183 sensus
416 143 546 195 progreditur.
576 144 645 184 Vocem
656 147 676 183 et
685 155 753 182 somam
763 155 807 182 cor·

90 210 161 250 pareas
174 211 217 236 esse
226 196 330 247 imagines,
344 209 394 247 quae
406 208 471 234 aurem
482 196 555 246 pariter
566 196 639 234 feriant
649 198 670 235 et
682 195 767 234 auditum
778 196 808 233 ef-

91 250 158 288 ficiant
169 250 195 298 [v.
206 247 244 288 aad
254 270 281 277 —
292 248 354 298 544];
367 248 421 288 vocis
433 260 484 299 quae
494 248 520 286 sit
529 252 605 295 natura,
620 251 640 286 et
650 261 687 298 quo
701 247 756 291 modo
766 248 808 285 for-

91 305 153 341 metur
165 302 196 351 [v.
207 299 246 340 545
256 323 283 329 —
292 301 357 350 565];
372 313 407 338 cur
418 300 484 338 eadem
494 313 533 339 vox
543 300 597 339 simul
607 300 726 351 percipiatur
737 312 749 337 a
759 312 777 337 m
790 298 808 336 l-

25 355 26 358 ’
91 353 117 391 tis
130 351 320 402 [v.566-574];
340 353 385 403 quid
396 353 422 390 sit
432 352 491 399 echo,
510 356 530 390 et
540 352 590 390 unde
599 352 672 391 oriatur
690 352 809 400 [nom-

90 405 156 453 597];
177 417 214 455 quo
225 403 281 443 modo
298 417 356 442 sonus
368 417 403 455 per
414 416 497 454 corpora
509 403 570 442 multa
584 407 674 454 penetret
690 404 720 452 [ν.
731 403 770 442 598
782 423 808 429 -

91 456 156 506 605],
177 461 198 494 et
207 455 228 493 iu
237 469 302 494 omnes
308 460 379 506 partes
394 455 513 494 diffundatur
525 456 556 504 [v.
567 458 606 496 606
615 477 642 484 -
650 456 706 505 617]¹
733 454 763 493 De
774 467 809 493 so-

87 521 139 559 poro
149 508 218 555 docet,
237 508 284 558 quid
295 508 332 554 sit,
353 511 373 545 et
382 507 432 546 unde
448 511 503 545 tanta
515 507 556 545 eius
569 508 672 546 diversitas
689 509 722 556 [v.
733 506 809 552 ‚618-

92 559 157 610 675];
178 560 202 598 de
213 560 282 606 odore,
296 559 400 610 quomodo
412 559 505 605 exsistat,
519 563 539 597 et
549 572 583 597 cur
595 559 638 597 aliis
651 559 699 597 alius
709 558 770 608 magis
782 558 808 596 sit

92 614 150 662 aptus
164 610 195 660 [v.
209 613 247 651 676
257 632 284 639 —-
293 611 359 659 689];
379 614 478 661 comparat
491 611 570 649 enudem
585 623 626 649 cum
638 611 708 649 ceteris
719 609 807 648 sensibus

38 663 39 666 ’
93 663 126 713 [v.
137 665 176 703 690
185 684 213 690 —-
223 664 285 712 708],
299 661 385 712 inprimis
398 674 440 699 cum
448 662 499 708 visu,
513 675 569 712 quem
578 662 653 712 species
663 665 722 712 atque
733 661 808 699 colores

92 727 156 753 rerum
165 715 232 752 eodem
240 714 295 752 modo
307 713 394 751 afficiant
406 713 432 763 [v.
444 715 482 753 709
494 734 518 740 -
530 712 586 762 wil.
612 714 663 753 Tum
673 714 697 752 de
706 714 808 764 imagino-

91 767 145 806 tione
157 770 215 815 atque
226 766 344 816 cogitatione
354 764 407 813 agit:
425 776 474 814 quae
484 765 578 803 exsistant
588 779 623 816 per
634 778 701 803 sensus
711 769 807 811 externos,

92 817 209 856 tenuissimis
220 829 285 854 rerum
296 815 402 854 simulacris
418 815 485 854 horum
497 829 533 866 ope
543 818 563 854 in
574 820 655 855 mentem
665 816 808 857 incurrentibus

92 870 125 918 [v.
137 869 175 909 725
185 890 212 896 »-
222 867 280 918 759]
307 868 355 907 Iude
371 866 485 917 explicanda
497 868 610 906 somniorum
621 869 672 907 ratio
686 870 697 918 s
702 882 721 906 v.
734 871 773 909 760
782 884 808 896 —

92 921 153 970 779];
171 920 217 958 inde
228 919 321 960 solvenda
336 919 434 969 quaestio,
449 931 520 968 quare,
535 919 585 968 quod
601 920 671 970 cuique
685 920 773 967 libuerit,
786 919 808 958 id

94 972 168 1021 cogitet
181 972 208 1020 [v.
219 973 258 1011 780
267 993 294 999 -
303 972 363 1020 809];
376 970 421 1008 inde
433 970 486 1008 fraus
497 970 627 1021 intelligenda,
640 973 661 1010 in
672 977 735 1023 quam,
749 972 808 1014 simu-

92 1023 153 1063 lacris
164 1028 197 1061 aut
213 1036 280 1074 parum
292 1027 349 1061 acute
362 1021 455 1073 cognitis,
470 1025 503 1060 aut
512 1021 563 1075 inter
577 1036 599 1060 se
609 1024 735 1074 permutatis,
749 1036 809 1074 saepe

93 1075 201 1114 inducimur
213 1076 240 1126 [v.
251 1077 324 1115 810—-v
334 1074 386 1124 824]Ι
414 1074 464 1112 Tum
478 1074 540 1121 docet,
553 1074 643 1124 linguam,
658 1076 730 1123 oculos,
744 1088 808 1123 aures,

94 1140 158 1174 nares,
172 1129 235 1166 omnia
245 1126 327 1178 denique
337 1138 425 1164 sensuum
435 1125 561 1164 instrumenta
570 1128 624 1177 prius
634 1132 681 1166 nata
690 1142 738 1176 esse,
753 1139 809 1180 quam

94 1192 160 1219 eorum
172 1192 236 1217 usmn:
255 1190 310 1216 secus
324 1191 371 1217 vero
382 1177 520 1215 inartificiosis
534 1179 603 1225 rebus,
618 1192 667 1229 quae
678 1181 772 1229 prodeant
786 1193 809 1217 ex

94 1231 186 1281 praevisa
194 1230 300 1280 indigentia
311 1230 337 1279 [v.
347 1229 384 1269 825
392 1250 419 1256 -
426 1230 481 1278 873}
508 1229 573 1267 Etiam
583 1235 644 1268 motus
655 1231 763 1269 animalium
773 1244 809 1269 uo-

94 1281 173 1320 luntarii
190 1295 265 1319 causam
281 1294 323 1319 esse
334 1280 354 1318 in
364 1280 470 1318 simulacris
482 1280 595 1331 quibusdam
600 1282 625 1319 ad
638 1283 737 1321 meandum
750 1282 807 1332 aptis,

95 1346 145 1384 quae
156 1332 239 1384 impulsu
247 1345 281 1371 suo
297 1333 416 1370 voluntatem
426 1332 514 1370 movendi
530 1332 620 1370 inanimo
630 1334 714 1371 excitent
728 1335 758 1383 [v.
771 1336 808 1373 879

94 1385 183 1433 *9081
209 1385 239 1423 Ab
253 1383 359 1422 simulacris
371 1383 454 1434 denique
466 1383 544 1422 uberius
559 1385 632 1434 repetit
647 1389 667 1423 et
678 1398 762 1423 somnum
777 1386 807 1434 [u.

94 1434 235 1485 909-964],
251 1441 270 1474 et
286 1435 388 1482 insomnia,
408 1447 488 1485 quorum
502 1435 567 1473 varias
582 1448 650 1474 causas
661 1440 759 1475 enumerat
775 1438 807 1484 [v.

94 1487 256 1537 965—‚1035],
283 1487 360 1524 adiecta
375 1487 400 1524 de
415 1499 489 1533 arnore,
511 1485 591 1525 libidine
608 1488 687 1540 eiusque
705 1488 807 1529 affectibus

95 1538 238 1590 elegantissima
250 1538 370 1589 digressione
386 1539 416 1588 [r.
428 1539 479 1578 1036
487 1559 514 1566 —-
525 1539 597 1589 1283}

381 1648 531 1657 ...ι-...-

290 1715 413 1756 LIBRI
444 1715 615 1763 QUINTI.

147 1794 234 1832 Erorsus
250 1796 308 1845 poeta
324 1795 348 1833 ab
363 1792 444 1845 Epicuri
459 1793 557 1841 laudibus,
577 1794 608 1832 cui
618 1794 698 1846 propter
712 1794 809 1845 repertam

97 1845 249 1897 explicatamque
264 1847 403 1897 philosophiam
417 1846 460 1896 plus
475 1846 557 1884 debeant
571 1846 671 1892 mortales,
691 1858 747 1896 quam
762 1846 809 1883 reli-

96 1898 139 1948 quis
150 1898 241 1945 omnibus,
256 1898 288 1948 qui
299 1898 323 1935 de
334 1911 405 1948 genere
414 1898 495 1935 humano
505 1898 554 1936 bene
565 1898 669 1936 meruerint
679 1898 707 1947 [v.
719 1897 808 1947 1-54]‚

97 1953 227 1998 argumentum
243 1952 283 1987 turn
293 1949 338 1987 libri
350 1948 484 2000 praecedentis
498 1949 572 2000 repetit
589 1949 619 1998 [v.
629 1950 654 1988 55
664 1969 691 1976 -
701 1949 749 1997 67],
770 1953 810 1987 tum

96 2000 142 2039 nori
154 2000 241 2051 adiungit
254 2001 284 2049 [v.
295 2002 320 2039 68
328 2022 355 2028 -
363 2001 408 2048 91].
435 2001 463 2038 Ac
473 2000 555 2050 primurn
566 2000 623 2038 docet
637 2000 685 2046 fore,
700 1999 810 2038 universum

97 2052 184 2090 mundum
193 2065 231 2089 una
241 2056 263 2089 ut
272 2051 336 2089 diruat
346 2051 387 2089 dies
400 2053 431 2099 [v.
441 2054 467 2090 92
474 2073 501 2078 -
513 2052 571 2099 110].
598 2051 649 2088 Nam
658 2055 736 2098 terram,
749 2064 809 2099 mare,

98 2102 263 2149 coelum‚‘sidera
278 2102 431 2152 essemortalia3
451 2115 490 2140 non
503 2115 557 2148 esse,
571 2103 623 2151 quod
637 2102 699 2139 Stoici
709 2106 809 2153 putarunt,

97 2154 181 2192 animata
194 2154 263 2204 deique
277 2155 431 2205 ipsius'partes,
449 2166 495 2200 nec,
510 2153 561 2203 quod
573 2154 641 2203 vulgus
654 2154 762 2201 existimet,
776 2167 818 2194 ses.

97 2205 140 2243 dem
151 2218 174 2242 ac
184 2205 297 2245 domicilium
307 2208 384 2244 deorum
397 2207 422 2256 [v.
434 2205 561 2253 111-156].
587 2205 620 2242 Ne
633 2205 676 2256 quis
688 2210 750 2244 autern
760 2206 810 2244 hanc

97 2256 161 2295 mundi
171 2268 279 2306 compagem
288 2272 300 2295 a
310 2258 354 2305 diis,
367 2258 400 2296 rel
410 2258 503 2295 hominum
514 2269 578 2303 causa,
592 2256 624 2294 vel
632 2257 652 2294 in
661 2270 714 2294 suam
723 2257 810 2307 ipsorum

97 2307 199 2346 utilitatem
210 2307 390 2356 oblectationemve,
408 2310 479 2347 factam
495 2321 547 2355 esse,
562 2312 620 2357 atque
629 2308 674 2346 ideo
685 2309 810 2346 inmrortalem

97 2359 177 2405 credam
196 2358 297 2398 Lucretius
309 2362 417 2399 calamariae
428 2361 535 2399 sententiae
546 2364 658 2410 argumenta
668 2364 708 2397 turn
717 2372 729 2398 a
739 2364 810 2398 natura

96 2410 186 2458 deorum,
205 2415 244 2451 tum
258 2423 270 2464 a
285 2411 357 2452 vitiosa
372 2413 436 2453 mundi
446 2411 600 2460 constructione,
618 2412 698 2456 tumab
716 2424 738 2451 eo
752 2411 808 2464 petit,
