1690 2654
244 96 286 157 An
302 89 438 135 uluunn
455 90 605 131 saxanu.
743 90 792 137 473

73 206 162 247 videtur.
193 207 269 243 Sensus
288 209 309 241 et
324 201 376 239 ordo
392 199 505 238 verborum
522 199 564 238 hic⁷
572 205 613 238 est:
635 198 737 250 Epicurus
753 200 791 239 do-

74 260 128 308 cuit,
148 270 201 309 quae
212 268 251 306 per
263 254 383 293 universum
400 252 491 289 fluerent
507 258 528 289 et
539 251 596 289 uario
609 252 673 289 modo
685 253 789 303 volarent,

72 311 115 349 sive
126 323 175 349 casu
183 306 284 354 naturali,
297 317 334 343 seu
345 304 365 355 vi
376 303 466 356 quadam
474 302 565 341 naturali
574 308 642 351 mota,
656 304 712 354 quod
722 305 788 345 nimi.

72 376 120 401 rum
128 368 203 400 natura
211 359 263 395 haec
276 356 347 394 omnia
356 356 386 394 sic
398 354 511 406 paraverit.

123 427 155 466 33.
182 428 210 462 Et
220 420 298 475 genus]
315 422 366 458 Hau.
377 432 388 458 e
400 418 455 460 coni.
465 418 531 457 edidit
541 422 572 457 At
583 433 659 469 genus;
678 420 731 468 „sed
740 420 787 460 inu·

71 477 144 516 tiliter.
154 481 175 514 et
190 474 234 511 sine
249 473 334 519 causa‚“
354 477 379 511 ut
392 477 451 510 recte
467 470 528 513 Wak.
540 476 619 508 censet.
635 490 661 499 -
676 475 787 525 probavit]

70 529 119 569 Brit.
127 530 146 568 2.
155 527 259 581 probaret.

121 592 153 631 35.
179 592 253 641 atque]
265 587 317 629 Brit.
326 590 346 628 2.
358 589 420 637 volat,
434 587 491 639 quod
498 584 629 625 Wakefieldo
637 585 731 637 impense
741 589 786 638 pla.

70 649 114 693 cet,
132 641 184 679 mihi
198 653 241 677 uon
252 640 310 679 item.
337 641 433 678 Ceterum
447 639 483 678 hic
492 651 564 676 versus
574 650 623 675 cum
633 650 669 677 sex
677 641 786 691 sequeuti-

68 696 107 734 hus
118 694 161 731 iam
172 691 240 729 adfuit
257 694 283 739 ΙΙ,
296 689 392 732 54-60.
408 692 476 740 etIII,
488 691 588 730 87-93.
619 711 621 715 ν
641 706 643 710 ·

119 746 151 785 37.
173 745 310 796 finguntque]
324 745 373 781 Ver.
386 745 437 781 Ven.
445 744 585 795 fugiuntque,
598 741 706 780 mendose.

65 840 67 845 .
119 795 152 836 43.
168 800 229 840 ,Esse
239 793 346 843 etj‘Vind.
355 797 403 835 Ver.
412 797 463 834 Ven.
475 800 537 841 Esse,
550 792 616 842 Lugd.
627 795 646 832 1.
657 796 675 833 2.
687 799 706 832 Ε
716 810 745 834 so.

119 857 151 900 44.
164 858 196 899 45.
222 860 250 895 Ut
258 858 297 896 lios
307 871 380 897 versus
389 870 437 896 cum
446 857 507 896 Wak.
515 857 592 896 Eichst.
601 857 663 896 OrelI.
673 858 784 907 edidimus,

67 912 97 951 sic
106 912 132 950 ab
143 910 239 949 omnibus
253 910 312 955 libris
326 910 425 948 unanimo
442 908 687 947 eonsensuexbibentur.
714 910 783 961 Vulgo

66 961 137 1002 tamen
148 975 173 1001 ex
184 962 289 1000 editorum
300 961 387 1001 arbitrio
397 962 427 1001 stc
435 961 524 1013 legitur:
536 981 563 989 -
576 981 601 988 -
609 962 674 1012 finnt,
682 963 783 1015 fientque,

66 1029 146 1056 neccsse
156 1019 207 1053 Esse
219 1023 245 1067 ea
255 1016 346 1054 dissolui.

116 1077 148 1117 48.
162 1077 194 1118 49.
221 1079 291 1117 Locus
305 1079 448 1118 conclamatus
467 1085 488 1117 et
502 1078 529 1115 ab
542 1077 656 1115 editoribus
672 1075 717 1114 fere
732 1075 782 1114 reli·

49 1143 54 1148 ¹
66 1136 118 1178 ctus,
126 1142 189 1181 quem
199 1129 243 1167 sine
254 1131 313 1169 novis
324 1138 345 1169 et
351 1131 472 1169 melioribus
480 1130 545 1168 Codd.
551 1142 644 1180 unquam
652 1134 710 1166 recte
721 1128 782 1165 resti-

64 1188 133 1219 tutum
142 1180 168 1218 iri
177 1180 211 1219 vix
221 1195 305 1232 sperare
316 1183 373 1221 licet.
385 1230 387 1232 ι
399 1182 505 1233 Optimum
517 1181 605 1219 fortasse
616 1179 694 1223 fuisset
701 1179 781 1218 imitari

66 1232 137 1270 Orellii
145 1233 281 1282 modestiam,
296 1235 343 1285 qui,
357 1234 460 1272 abstinens
472 1234 530 1272 omni
543 1232 615 1270 Iocum
627 1227 713 1269 sanandi
721 1232 780 1281 peri-

65 1284 119 1330 culo,
133 1296 203 1321 versus
214 1286 389 1336 corruptissimos,
402 1285 506 1324 asteriscis
519 1284 622 1334 praefixis,
635 1282 706 1330 edidit,
720 1284 779 1320 utin

63 1335 119 1374 Brix.
129 1335 240 1386 leguntur3
255 1338 302 1387 sed,
314 1350 341 1375 ne
350 1337 438 1375 inertiae
448 1347 605 1383 accusaremus,
620 1332 706 1372 e‘codd.
716 1334 780 1371 vesti-

64 1385 102 1437 giis
116 1386 229 1426 lectionem
246 1388 339 1440 aliquam
353 1388 485 1428 efficiendam
503 1385 609 1433 duximus,
628 1397 681 1436 quae
697 1386 723 1423 ab
737 1385 779 1424 filis

63 1450 107 1475 non
116 1437 178 1475 nimis
188 1439 308 1489 recederet,
329 1447 350 1479 et
359 1453 442 1479 sensum
458 1445 515 1478 certe
529 1450 572 1475 non
587 1449 672 1487 prorsus
684 1443 780 1475 contem-

63 1488 155 1538 nendum
163 1490 268 1540 funderet,
278 1506 342 1545 quam
352 1505 402 1530 vero
412 1498 495 1529 tantum
504 1490 571 1538 abest,
584 1495 609 1525 ut
620 1501 691 1525 veram
700 1489 778 1527 hahea-

62 1552 119 1598 mus,
139 1547 164 1578 ut
174 1542 277 1581 asteriscis
294 1544 368 1583 additis
384 1556 487 1582 summam
497 1542 565 1593 potius
576 1539 731 1580 dubitationem
743 1541 776 1580 in-

63 1590 205 1631 dicaverimus.
232 1595 304 1634 Lectio
314 1596 454 1646 piurimornm
468 1594 571 1633 librorum
581 1592 633 1630 haec
647 1598 690 1632 est:

70 1654 74 1657 ’
141 1646 251 1685 Ventorum
264 1650 355 1687 exirtnnt
364 1649 474 1702 placentur
487 1647 555 1686 omnia
567 1659 648 1683 rursum

140 1700 195 1745 Quae
207 1697 291 1748 fuerint
303 1702 346 1737 sint
360 1701 445 1751 piccuto
458 1713 557 1737 convorsa
562 1695 655 1746 favam

62 1755 76 1782 a
88 1743 165 1795 qubus
181 1748 248 1802 ceteri
258 1750 288 1787 sic
300 1750 410 1788 differunt:
433 1753 555 1795 [santorum]
569 1748 625 1785 qut.
639 1746 686 1785 Afflv
697 1749 717 1788 1·
732 1751 775 1789 Vo-

61 1806 172 1836 torum—-
184 1801 288 1851 etiirtant]
300 1801 355 1841 Brit..
364 1803 383 1842 1.
401 1804 518 1851 enbirtant,
537 1799 591 1838 Bnix.
607 1809 703 1849 cantant,
725 1801 774 1839 Ver.

61 1847 115 1885 Ven.
128 1861 228 1899 eaucnnt;
250 1852 297 1893 ald.
310 1855 328 1893 1.
342 1855 361 1893 2.
374 1856 425 1891 Bou.
441 1856 496 1891 Iunt.
508 1865 547 1902 pro
563 1853 654 1889 enirtant
666 1853 776 1902 placentur

60 1897 139 1935 hahent
153 1904 285 1942 exhortantur
300 1920 346 1957 opes
361 1916 435 1957 atque,
447 1917 459 1941 e
472 1904 601 1943 coniectura.
624 1902 737 1940 Lambinus
751 1903 775 1940 in

60 1960 102 1986 uno
116 1950 261 1999 Codinuem't
273 1959 361 1995 exsistat
373 1972 434 2008 spes..
443 1978 469 1984 -
482 1951 658 2008 fuerinsJVind.
671 1955 701 2001 [si
715 1960 775 1994 recte

61 2000 147 2061 collatus
160 2004 208 2053 est,]
218 2007 273 2047 tunt.
282 2007 353 2047 ΑΜΕ,
358 2008 454 2061 fuerant.
465 2029 493 2036 -
503 2004 599 2060 placato]
613 2007 660 2045 Ver.
667 2007 774 2060 Venpla-

61 2063 108 2091 ono.
142 2055 170 2090 Ex
185 2055 217 2093 his
226 2057 358 2107 *lectionibus
370 2063 400 2099 io.
414 2063 502 2097 Auratus
520 2059 601 2094 fecerat
618 2060 697 2105 Quanti.
712 2060 776 2098 semel

59 2103 116 2142 nona
124 2109 193 2158 segnis
204 2123 220 2146 a.
232 2125 252 2147 c.
266 2113 288 2150 V
284 2121 375 2150 entosum
384 2126 430 2162 spec
439 2113 523 2150 hortata
534 2120 572 2155 ent,
585 2118 647 2158 atque
658 2110 718 2148 obuia
728 2127 774 2149 cnr-

59 2167 84 2192 sa
98 2160 153 2205 Quae
159 2160 256 2208 fuerunt,
268 2174 316 2201 sant
324 2178 344 2214 p.
356 2179 373 2201 c.
382 2162 469 2213 surore,
489 2173 542 2213 quae
552 2158 624 2199 Lamb.
642 2160 692 2212 (qui
701 2168 773 2200 tamen

58 2215 118 2244 more
127 2220 166 2246 suo
176 2222 247 2250 omues
262 2219 305 2251 tres
315 2226 386 2253 versus
403 2215 519 2265 suppositos
529 2210 617 2261 haben}
629 2214 727 2263 servavit,
741 2214 771 2253 ita
811 2218 812 2221 ’

58 2261 135 2317 tamen,
148 2267 172 2297 ut
181 2264 251 2312 priora
262 2266 326 2304 verba
334 2265 366 2304 sic
375 2266 457 2305 ederet:
473 2273 495 2318 Q.
502 2279 520 2307 s.
526 2268 625 2320 insignem
636 2282 652 2304 c.
659 2269 770 2306 c.'Vincen·

59 2309 81 2345 dt
92 2312 200 2370 eunortata
210 2318 238 2354 ’st
252 2333 297 2369 opes
307 2324 347 2356 etc.
374 2319 427 2355 Hinc
440 2318 530 2371 vulgaris
540 2317 705 2371 lectioprofecta
716 2322 769 2356 Vin-

59 2361 117 2400 cenda
133 2377 178 2413 spes
191 2367 274 2407 hortata
289 2381 321 2408 est
335 2374 387 2416 etc,
402 2369 473 2408 nescio
488 2384 501 2410 a
517 2382 558 2422 quo
571 2373 662 2421 primum
677 2376 768 2419 recepta.

58 2408 116 2473 Voss..
130 2414 157 2452 ad
171 2417 244 2458 Catuli.
256 2432 277 2471 p.
289 2421 333 2462 191.
345 2420 400 2461 coni.
418 2425 527 2464 Ventorum
541 2426 635 2466 exhortat
646 2424 734 2476 pellacia
747 2430 767 2461 et

58 2475 125 2503 omnia
133 2481 212 2510 rursum
225 2475 281 2522 Quae
285 2472 383 2527 fuerant,
392 2485 441 2516 cunt
448 2477 478 2530 pl.
486 2492 503 2518 c.
508 2476 584 2531 favore
588 2493 596 2526 ,·
609 2478 668 2520 Wak.
678 2477 767 2528 denique
