1690 2654
69 100 118 148 450
276 96 548 141 ANNOTATIONES

125 211 181 251 1069.
208 207 288 247 Ultima
300 208 365 247 verba
380 207 442 246 huius
456 222 528 248 versus
539 213 628 263 gannitu
639 213 695 251 uocis
706 213 791 251 adulant

71 263 150 303 Nonius
162 261 193 300 bis
204 262 277 309 affert,
291 261 320 298 ita
330 269 403 299 tamen
413 268 437 298 ut
446 262 513 300 altero
525 262 574 301 loco
586 264 604 311 Ι,
616 264 648 303 57.
662 265 745 313 adulat,
760 263 792 300 al-

70 317 203 358 teron,10.
218 313 268 361 (uhi
285 314 362 360 docet,
372 317 458 366 gannire
474 315 563 352 verbum
577 315 687 366 proprium
704 328 746 352 esse
765 315 791 352 de

72 367 171 414 canibus)
186 368 270 405 adicient
284 365 388 405 exhibeat.
415 368 444 403 De
457 367 521 405 verbo
538 370 639 420 gannitus
655 367 710 407 conf.
728 367 791 405 etiam

69 421 142 456 Festus
160 431 175 457 s;
186 431 204 457 v.
221 418 319 467 Gannitip
334 425 355 456 et
367 419 461 470 interpp.
472 420 497 457 ad
510 421 557 459 Ter.
569 419 656 471 Adelph.
668 421 704 469 IV,
716 421 735 467 2,
749 421 789 469 17,

72 483 124 522 quos
135 470 196 508 wat.
205 469 284 508 laudat.

123 526 148 560 V.
160 524 218 561 toto.
245 523 271 559 ab
282 521 356 560 eodem
366 521 435 559 Nonio
445 523 473 568 Π,
481 524 513 563 95.
521 530 700 561 commemoratur
708 524 735 561 ob
745 535 792 561 vcr-

70 574 122 613 bum
131 574 185 612 illud
196 573 400 625 duoptorortotpttnsiu
411 575 506 624 baubat-i,
520 575 609 613 fortasse
620 577 646 613 ab
656 576 700 625 ipso
712 577 791 613 Lucre-

71 627 101 664 tio
113 631 228 675 inventum,
244 634 302 664 certe
313 626 364 663 alibi
374 639 417 663 non
426 639 544 665 occurrens.
566 628 615 664 Non
625 626 703 664 mirum
714 634 791 674 autem,

70 678 113 716 boc
123 679 211 716 verbum
221 679 244 715 in
255 677 318 715 Godd.
328 677 385 715 varie
398 683 522 727 corruptum
533 690 588 723 esse;
602 691 652 715 nam
662 679 728 729 Lugd.
743 681 760 718 1.
771 680 791 717 2.

71 732 206 778 tutabantur,
217 729 266 767 Brit.
273 732 292 768 1.
302 730 409 776 aubantur,
424 730 482 767 Cant.
492 730 608 769 aubuantur
620 729 723 769 exhibent.
750 731 791 768 Pro

71 785 148 821 deserti
162 781 258 818 nonnulli
274 781 306 818 Pii
323 780 389 819 Codd.
406 781 457 822 Brit.
469 782 488 820 1.
499 784 518 821 2.
535 781 588 820 Brix.
605 780 684 820 habent
698 775 792 830 detritis,

72 835 132 873 Cant.
143 835 262 873 decernitur·
589 867 590 870 ,

124 883 182 925 1071.
208 887 316 937 Pinizigeri
330 884 411 932 saevit]
432 885 489 922 Cant.
504 887 607 938 Pirzigarz's
620 888 688 934 navit,
701 884 757 922 unde
769 883 792 922 in

71 937 133 975 Vind.
144 938 195 976 Brit.
203 939 247 976 23.
257 938 311 975 Brir.
320 938 368 976 Ver.
379 938 429 975 Ven.
440 936 522 974 factum
532 940 651 990 Piunigerio
660 939 723 985 acuit,
737 936 791 974 Brit.

72 991 91 1028 1.
103 992 221 1042 Pinuigeris
230 991 281 1037 init,
295 990 356 1027 Poor.
368 991 486 1040 Pinnigeris
497 991 571 1028 hinnit.
599 992 673 1027 Omnes
682 1001 731 1026 vero
742 987 791 1025 libri

73 1042 205 1078 consentiunt
218 1040 241 1077 in
256 1041 360 1089 scriptura
371 1043 480 1092 pinniger,
495 1047 518 1078 ut
534 1054 577 1079 non
592 1041 671 1079 minori
689 1052 792 1079 consensu

14 1106 16 1110 ⁴
72 1105 135 1144 supra
145 1093 172 1129 ad
183 1105 202 1130 V.
214 1092 259 1131 737.
270 1104 371 1144 [tenuatus
379 1091 515 1140 praebebant.

124 1146 168 1184 Vss.
180 1144 237 1183 1075.
248 1150 269 1180 et
277 1145 334 1182 1076.
359 1143 420 1181 war.
433 1156 458 1181 ex
468 1142 552 1194 ingenio
559 1173 565 1194 ,
579 1150 602 1181 ut
615 1144 678 1193 dicit,
692 1149 791 1195 transpo-

72 1195 126 1243 suit,
139 1201 213 1245 postea
221 1207 271 1232 vero
282 1194 396 1240 intellexit,
410 1194 432 1230 in
443 1196 527 1232 Iuntina
542 1196 589 1242 (cui
600 1197 663 1233 etiam
672 1195 717 1233 Ald.
725 1198 744 1235 2.
755 1194 792 1232 ad-

72 1247 122 1285 dere
134 1246 256 1294 potuisset,)
270 1245 313 1283 iam
323 1246 353 1283 sic
362 1245 444 1282 factum
454 1258 504 1284 esse.
524 1248 590 1285 Recte
599 1255 670 1285 autem
680 1248 706 1285 ab
714 1247 791 1288 Eiohst.

72 1298 176 1336 etOrellio
184 1297 277 1334 desertus
289 1304 325 1346 est,
337 1309 401 1348 quum
412 1296 433 1334 in
446 1297 519 1336 ordine
529 1299 633 1349 versuum,
645 1312 707 1350 quem
719 1311 791 1337 omnes

70 1351 120 1388 libri
126 1352 172 1388 otss.
181 1355 201 1386 et
208 1349 335 1399 antiquiores
343 1348 399 1389 editt.
405 1355 497 1399 tuentur,
507 1350 559 1387 nihil
571 1350 603 1398 sit,
613 1351 635 1388 in
645 1360 686 1401 quo
698 1351 792 1389 offende-

70 1415 95 1439 re
106 1402 213 1452 possimus.
241 1402 282 1438 Pro
294 1406 322 1439 Et
332 1416 390 1453 quom
401 1404 437 1449 sia,
452 1401 509 1452 quod
516 1402 577 1440 Wak.
588 1415 612 1440 ex
625 1403 721 1440 'omnibus
733 1402 791 1441 libris

70 1454 173 1501 restituit,
187 1453 250 1504 vulgo
260 1452 338 1502 legitur
349 1457 380 1491 Ac
391 1468 449 1505 quom
460 1456 501 1502 sis,
516 1467 541 1491 er
551 1454 655 1492 editorum
665 1455 759 1493 arbitrio.

124 1507 181 1545 1077.
208 1505 333 1557 variaeque]
348 1505 395 1542 Ver.
409 1505 459 1542 Ven.
471 1509 590 1558 uariatque,
605 1506 669 1543 literis
678 1523 689 1545 a
700 1513 720 1543 et
732 1518 753 1556 t,
766 1511 791 1543 ut

70 1557 158 1608 saepius,
171 1556 311 1596 commutatis.
330 1556 447 1607 „cogitare
456 1562 540 1607 poteras
553 1558 579 1595 de
589 1561 660 1598 uariae
670 1570 743 1611 atque5
753 1558 790 1596 sed

71 1609 124 1647 illud
135 1608 271 1657 probabilius.
278 1610 291 1629 “
305 1611 337 1646 W
338 1624 351 1646 a
358 1610 377 1644 t.

123 1661 180 1699 1078.
207 1658 334 1711 ossifragae]
349 1658 409 1699 Vind.
424 1660 472 1697 Ver.
488 1660 539 1697 Ven.
554 1660 693 1713 ossifraugae,
708 1660 759 1698 Brit.
771 1661 790 1700 1.

72 1712 177 1763 ostili-agi.
206 1712 213 1758 (
220 1713 248 1748 oe
263 1723 301 1748 ave
314 1710 359 1760 ipsa
375 1710 430 1749 coni.
443 1710 498 1750 Ptin.
509 1713 534 1750 H.
545 1713 570 1750 N.
581 1713 654 1759 XXX,
665 1710 704 1752 2οζ
710 1719 731 1750 et
741 1711 789 1753 lsid.

72 1763 141 1815 Origg.
153 1765 198 1811 XII,
210 1764 245 1811 7.)

125 1816 181 1854 1079.
208 1812 310 1862 insalsa]
330 1814 360 1850 sic
377 1826 449 1851 omnes
463 1813 525 1861 libri,
546 1827 597 1864 quos
613 1814 674 1853 Wak.
691 1819 790 1865 sequutus

72 1872 110 1905 est.
137 1867 204 1916 Vulgo
217 1869 239 1904 ιή
250 1867 311 1904 salsis
318 1891 324 1912 ,
339 1878 363 1903 ex
376 1866 479 1903 editorum
491 1867 587 1917 ingenim
602 1867 658 1916 quod
674 1866 791 1911 Bentleium

72 1930 155 1968 quoque
165 1917 269 1969 probasse,
279 1930 317 1967 pro
327 1920 412 1956 marinis
422 1917 568 1955 ooniicienrem
580 1922 662 1967 marini,
673 1918 719 1955 iure
728 1917 789 1956 Wak.

72 1969 174 2016 miratur,
192 1969 264 2007 locum
283 1968 313 2006 sic
331 1968 482 2018 interpretans:
503 1969 638 2020 „ossifragae
660 1967 789 2021 mergeique,

72 2036 125 2073 quae
134 2033 181 2060 sunt
191 2020 277 2058 marinis
289 2020 396 2060 fluctibus.
403 2021 416 2042 “
443 2022 537 2060 Fortasse
547 2033 597 2058 vero
610 2021 672 2058 etiam
683 2021 742 2059 locus
751 2034 790 2072 per

72 2072 219 2122 pleonasmum
234 2072 294 2110 illum
312 2079 380 2121 potest
397 2072 509 2120 explicari,
522 2085 585 2123 quem
600 2072 644 2111 iam
659 2073 686 2111 ad
700 2074 790 2124 11‚1.et

73 2125 98 2174 V,
109 2125 154 2163 503.
170 2139 182 2163 a
192 2124 289 2162 Lucretio
301 2124 389 2161 vidimus
400 2123 523 2161 adhibitum.

128 2178 183 2215 1081.
211 2174 323 2224 „certantl
337 2175 403 2226 Lugd.
412 2177 431 2214 2.
449 2186 546 2221 ceruanr;
560 2175 679 2226 eleganter,
694 2180 715 2212 et
729 2187 790 2213 acce-

74 2226 157 2277 pissem,
172 2226 211 2264 nisi
223 2234 320 2277 posceret
330 2227 393 2264 aliam
403 2227 553 2275 mutationem,
567 2239 679 2280 repugnant
691 2226 789 2277 utique.“

74 2282 107 2319 W
109 2295 123 2318 a
129 2281 149 2316 t.
162 2301 188 2306 -
199 2280 287 2331 praeda]
303 2279 347 2316 Ald.
355 2281 373 2317 1.
384 2282 434 2316 Bon.
446 2281 541 2330 praedae,
556 2279 670 2329 Lugettt.
681 2281 788 2331 praedata.

127 2332 184 2375 1083.
211 2335 312 2370 cornicum
322 2331 386 2380 secla]
401 2330 430 2367 sie
445 2330 511 2381 Lugd.
523 2332 540 2369 1.
550 2332 570 2372 2.
582 2330 626 2369 Ald.
638 2332 655 2369 1.
668 2333 716 2370 Bon.
726 2333 788 2380 lunt.⁷

74 2383 148 2434 quibus
160 2382 273 2420 cumWali.
284 2389 304 2420 et
313 2382 388 2422 Eichst.
399 2383 601 2429 obtemperavimu53
613 2382 676 2433 vulgo
688 2386 790 2421 comicum

73 2447 97 2472 ut
107 2437 160 2473 secla
167 2465 172 2482 ‚
188 2433 256 2484 quod,
270 2433 285 2470 si
296 2434 327 2471 fas
339 2441 369 2472 est
379 2434 513 2472 collatoribus
524 2434 616 2480 credere,
631 2432 757 2482 conspicitur
767 2433 789 2470 in

72 2486 130 2525 Bodl.
140 2494 161 2525 et
170 2486 230 2525 Vind.
236 2499 242 2534 3
257 2486 322 2524 ceteri
332 2486 381 2524 libri
391 2490 492 2527 cornicum
503 2498 524 2526 et
534 2488 595 2535 acela,
610 2492 633 2524 ut
644 2485 707 2525 Orell.
718 2484 787 2524 edidit.
