1690 2654
86 104 135 151 *libb
304 105 583 147 annotationes

88 214 132 256 545.
153 215 197 261 XII,
212 213 256 254 120.
275 214 320 254 Iuv.
332 215 369 262 VI,
382 215 426 254 301.
445 213 537 265 aliosque
551 215 621 264 locos,
637 220 657 252 et
672 212 740 266 quoad
754 214 806 267 Iopi-

88 272 132 308 dem
143 266 177 303 hic
189 273 390 317 commemoratum,
404 266 480 305 Tibull.
493 267 510 313 Ι,
523 270 539 314 1,
553 269 585 306 11.

140 320 197 358 1199.
225 321 300 370 ,‚Neo]
315 319 434 357 Lactantius
445 324 478 357 Et.
504 320 581 357 Parum
590 319 688 365 interest,
702 316 738 355 sed
748 329 807 356 rece·

87 377 147 422 ptum
160 371 244 409 uidetur
254 372 362 411 docttusf‘
391 373 462 410 trae.

140 425 198 463 1900.
225 440 290 477 neque
305 423 366 462 Walr.
383 436 394 461 e
411 423 465 462 coni.
481 422 538 460 dedit
553 436 591 473 pro
604 421 686 474 vulgari
699 436 746 469 nec;
761 421 807 470 „de

88 475 267 526 constantissimo,
287 483 310 513 ut
325 476 403 527 inquit,
422 475 514 513 Lucretii
530 488 589 514 more
606 481 654 512 ante
669 474 776 523 vocalem,
790 474 807 511 si

86 529 108 564 in
118 528 218 579 contigua
231 528 324 566 clausula
332 545 369 567 neo
378 528 444 566 semel
455 534 557 579 ponatur,
569 534 633 579 atque
643 526 775 578 potissimum
789 526 807 564 si

86 579 130 628 his,
144 587 167 617 ut
177 582 199 617 in
209 581 250 618 boc
261 581 309 619 loco
320 580 410 619 factum.
417 582 431 602 “

133 647 198 685 1202.
225 646 295 696 mage]
310 647 366 682 Cant.
377 648 451 696 magis.
464 666 490 673 —
501 644 599 696 placato]
613 643 644 681 sic
654 642 713 681 Wak.
723 654 733 678 e
742 641 807 691 pluri-

87 695 128 733 mis
138 696 197 734 libris
207 698 310 745 restituit3
324 697 388 748 vulgo
396 707 486 749 pacato,
499 703 523 734 ut
534 697 594 736 Vind.
607 695 639 746 (si
650 694 746 734 collatori
756 693 807 732 fides

87 748 197 796 habenda)
213 754 233 786 et
245 751 298 786 lunt.
521 787 523 790 .

140 802 198 840 1205.
226 801 318 851 enorum]
333 800 381 850 Brit.
394 801 412 839 1.
424 811 515 850 meones,
529 812 554 838 ex
566 800 641 852 glossa.

141 855 198 893 1206.
224 856 322 906 pectore]
341 852 423 891 Servavi
445 865 493 890 cum
513 853 588 890 Orellio
606 852 713 904 vulgatam
730 850 807 889 lectio-

88 917 144 942 nem.
171 904 236 944 Wat:
248 907 279 955 (et
289 906 377 953 Eichst.)
392 918 403 942 e
414 904 528 956 Lugd.1.2.
539 905 613 944 trita.
626 906 685 943 Cant.
698 904 744 940 Ver.
756 904 806 940 Ven.

89 956 171 1007 recepit
184 969 279 1009 pectora,
294 958 351 1009 quod
365 957 414 995 satis
427 956 543 996 artificiose
559 957 589 995 sic
604 957 702 1007 explicat:
717 966 808 1002 „cmm

89 1016 176 1060 pectora
186 1009 356 1062 expergefactum
367 1016 387 1047 et
397 1009 516 1048 excitatum.
543 1010 582 1049 Vel
591 1010 653 1047 satius
664 1008 752 1045 fortasse
761 1006 808 1044 see-

89 1063 118 1099 rit
128 1074 175 1098 cnm
187 1066 263 1111 erigere
273 1075 335 1100 voces
347 1066 369 1101 in
379 1072 464 1113 pectora
476 1063 607 1109 consociare3
620 1067 644 1099 ut
657 1058 766 1098 translatio
782 1059 809 1096 sit

90 1127 102 1151 a
113 1119 210 1163 serpente
220 1114 335 1162 iracundo,
349 1121 411 1165 atque
421 1114 523 1164 impetum
532 1114 653 1152 meditante.
660 1114 674 1136 “

145 1179 201 1216 1208.
228 1180 261 1216 Ne
273 1179 337 1231 quoe]
351 1178 381 1215 sic
397 1177 456 1216 Wala.
472 1191 521 1216 cum
532 1178 626 1228 plurimis
641 1176 711 1222 tibris,
726 1174 808 1224 „veris-

91 1229 156 1277 sime,
171 1236 194 1265 nt
206 1228 268 1268 Orell.
281 1235 362 1277 censet,
376 1229 398 1266 in
413 1229 515 1267 eiusmodi
529 1230 660 1268 dubitatione
673 1242 719 1266 curn
731 1240 808 1278 pavore

90 1281 161 1320 mixta.
169 1282 183 1303 ‘⁴
208 1280 258 1320 Brit.
270 1283 288 1321 3.
301 1284 344 1320 blec
356 1297 419 1334 quae,
433 1281 479 1319 Ald.
490 1283 507 1321 1.
518 1285 568 1320 Bon.
580 1288 609 1321 Et
619 1297 682 1335 quoe,
697 1279 726 1317 Pii
742 1279 807 1317 Codd.

89 1336 143 1372 Iunt.
155 1339 175 1370 et
186 1331 231 1371 Ald.
242 1334 261 1372 2.
273 1338 368 1385 quuoe,
383 1333 441 1383 qnod
451 1333 507 1385 vulg.
521 1334 577 1372 editt.
594 1340 614 1372 et
627 1333 704 1376 Eichst.
720 1343 808 1381 recepe-

90 1392 145 1424 runt.
164 1406 189 1412 —
207 1386 266 1424 nobis
277 1386 409 1423 Graecorum
420 1398 480 1423 more
492 1385 599 1437 eleganter
611 1386 727 1431 adiectum,
741 1389 764 1420 ut
772 1396 808 1421 su-

89 1450 129 1488 pra
139 1451 157 1476 v.
168 1437 213 1477 261.
225 1438 270 1476 tihi.
295 1437 349 1475 lllale
358 1437 424 1489 igitur
434 1444 455 1475 et
463 1438 509 1475 fere
516 1438 605 1477 ridicule
614 1438 681 1476 Faber
691 1436 746 1476 coni.
756 1438 808 1475 endo

59 1537 61 1539 ,
88 1491 154 1543 polis,
167 1489 180 1528 i.
194 1502 210 1527 e.
224 1488 246 1526 in
257 1489 327 1529 coelis.
624 1499 627 1502 ⁴

143 1543 200 1580 1211.
228 1546 368 1595 Ecqnoenom,
385 1547 406 1578 et
423 1555 443 1581 v.
457 1542 513 1581 1212.
531 1542 619 1594 ecquae]
633 1541 663 1579 ita
678 1539 733 1591 vulg.
751 1538 808 1579 editt.

89 1593 166 1631 Eichst.
178 1599 198 1629 et
208 1593 270 1631 Orell.
280 1607 329 1631 cum
340 1593 423 1642 optimis
434 1593 499 1631 libris.
526 1594 587 1633 Wak.
601 1593 680 1631 eVind.
689 1594 748 1630 Poor.
759 1591 808 1629 Brit.

92 1646 159 1684 123.
172 1648 229 1683 Cant.
242 1652 262 1683 et
272 1652 323 1685 vett.
335 1645 393 1682 editt.
403 1652 486 1695 praeter
495 1646 550 1683 Iunt.
558 1652 578 1682 et
585 1645 654 1687 Arda.
662 1644 697 1683 hic
707 1644 771 1682 etiam
780 1648 808 1682 Et

92 1711 190 1749 quaenam
205 1718 229 1744 ἡ
243 1709 263 1736 et
274 1714 337 1750 quae,
351 1708 371 1735 et
382 1710 420 1746 pro
431 1701 493 1736 etiam
505 1697 581 1748 posito.

144 1761 201 1800 1213.
229 1765 258 1800 Et
274 1761 349 1810 taciti]
366 1760 417 1799 Brit.
431 1763 450 1801 2.
469 1761 514 1801 Ald.
531 1764 548 1802 1.
565 1765 614 1801 Bon.
629 1766 658 1801 Et
673 1763 737 1810 tanti,
752 1760 809 1810 quod

91 1812 148 1862 vulg.
166 1812 223 1851 editt.
239 1813 331 1862 placuit,
346 1813 382 1850 sed
395 1813 433 1860 „si
446 1813 514 1863 primo
528 1814 606 1852 intuitu
621 1814 703 1864 planius
719 1813 808 1850 fortasse

91 1863 192 1909 videatur,
208 1871 350 1902 correctorem
360 1865 445 1914 sapit,“
459 1872 483 1902 nt
493 1866 553 1905 Wak.
565 1873 647 1912 censet,
663 1865 698 1916 qui
708 1864 809 1914 plurimo-

91 1928 139 1952 rum
153 1916 258 1955 librorum
271 1917 383 1954 lectionem
399 1919 517 1965 revocavit,
536 1918 573 1955 sed
586 1930 661 1968 parum
671 1916 808 1966 probabiliter
830 1935 835 1941 ,

91 1969 157 2008 monto
168 1969 251 2016 scribit,
264 1969 293 2005 sic
306 1968 419 2016 explicans:
434 1971 467 2007 ael
477 1970 536 2007 taciti
548 1973 630 2016 motits;
644 1970 680 2019 qui
688 1981 770 2018 nempe,
783 1968 809 2005 li-

93 2025 127 2056 cet
144 2033 186 2056 non
203 2019 264 2057 cadat
278 2020 300 2057 in
316 2020 483 2057 observationem
496 2024 606 2068 sensnum,
620 2033 704 2058 necesse
714 2026 809 2057 conterat

93 2077 156 2121 atque
166 2071 281 2109 labefactet
289 2078 366 2109 tamen.
374 2074 387 2094 “
411 2072 475 2109 Bentl.
488 2072 526 2121 p'ro
537 2078 564 2111 Et
574 2076 635 2112 taciti
644 2072 697 2111 coni.
709 2073 798 2111 Solliciti
801 2088 808 2117 ;

91 2123 158 2160 Faber
175 2130 259 2162 omnem
275 2137 359 2162 versum
370 2123 399 2161 sic
412 2124 524 2175 legendum
535 2125 660 2163 arbitratur:
681 2128 742 2163 Hunc
753 2127 809 2163 ronti

92 2175 157 2213 mortis
166 2179 248 2227 possint
258 2177 342 2227 sufferre
353 2177 445 2215 laborem.

146 2227 168 2262 V.
180 2228 236 2266 1215.
263 2228 306 2265 iam
323 2227 390 2264 adfuit
406 2229 423 2274 Ι,
436 2229 506 2276 1003»,
524 2234 545 2266 et
562 2242 582 2266 v.
597 2230 654 2269 1216.
669 2240 732 2278 supra
748 2227 809 2265 liuius

92 2276 157 2327 ipsius
166 2278 215 2315 libri
226 2293 245 2318 v.
255 2281 315 2327 380„
328 2279 357 2317 ita
369 2285 392 2316 ut
402 2279 425 2316 bi
435 2291 515 2328 versuo,
528 2280 551 2317 in
563 2281 636 2332 quibus
648 2280 735 2318 offendit
746 2278 809 2316 etiam

93 2342 133 2367 vox
148 2333 194 2368 aeui
208 2332 308 2379 repetita,
325 2331 398 2382 utique
410 2331 430 2368 in
445 2331 538 2380 aliquam
549 2333 688 2382 suspicionem
701 2332 809 2369 incurrere

92 2381 215 2430 videantur,
230 2383 323 2431 quamvis
334 2384 359 2420 ab
369 2383 464 2420 omnibus
475 2383 533 2421 libris
544 2391 691 2436 agnoscantur.
789 2383 792 2390 '

146 2447 203 2486 1219.
230 2449 286 2485 Folio
293 2452 303 2470 ³
313 2448 340 2497 lo]
355 2447 414 2485 Vind.
427 2449 485 2485 Poor.
497 2448 544 2487 Brit.
552 2452 569 2488 1.
576 2452 595 2488 2.
601 2452 619 2489 3.
633 2453 689 2488 Cant.
699 2449 747 2487 Ver.
757 2448 808 2486 Ven.

94 2498 160 2548 (quas
173 2497 259 2537 Gerard.
272 2504 337 2548 tacet,
351 2499 440 2550 ideoque
453 2500 541 2539 fortasse
553 2502 616 2539 etiam
629 2500 696 2550 trix.)
710 2502 809 2550 chnine,
