1690 2654
136 17 138 21 ⁵
207 26 349 109 concon
364 57 611 111 unanimorum,
671 23 673 26 ’
711 74 767 107 nm

51 178 129 224 dicem
144 176 314 232 Bodleionum,
330 175 415 221 Oxonii
428 177 584 232 asservatum,
601 173 667 221 cuius
683 189 767 220 novam

52 245 76 285 et
91 247 222 292 accuratam
238 240 387 286 collationem
404 240 427 282 ei
440 239 599 297 suppeditavit
608 240 691 290 Herm.
703 239 765 284 Sam.

50 304 186 362 Reimarus,
202 308 272 361 atque
288 302 481 360 Gottorpiansem.
513 301 544 345 Et
557 301 766 360 3111111111ῃώ-

51 368 103 411 dem
116 367 241 411 admodum
250 379 334 408 recens
346 366 417 407 estet
430 363 531 407 omnium
541 365 598 410 ‘fere
613 365 766 424 mendosissi-

50 435 115 485 mus,
123 443 191 486 quem
199 431 278 471 tamen
286 427 385 470 Haverc.
397 429 478 470 censet
494 427 642 486 „archetypa
651 427 765 472 habuisse

50 491 125 535 minus
141 490 266 544 mendosa,
282 489 390 562 quoniam
403 502 455 531 eum
467 488 491 531 in
504 490 632 535 reconditis
644 492 727 548 magis
725 491 765 535 le-

51 553 166 597 ctionibus
170 553 269 659 tsaepius
280 567 332 597 cum
344 551 391 605 suis
402 551 479 607 Lugd
485 551 535 595 Bat.
546 554 682 611 conspirare
692 554 764 597 auim-

51 615 133 660 adveit
124 616 180 660 terit
192 613 246 676 3.)“
288 602 467 684 Gottorpiensis
475 627 531 658 vero
550 613 660 674 Codicis,
681 616 766 675 optimi

52 682 76 723 et
97 679 263 737 antiquissimi
283 674 389 739 (quum
383 692 421 722 ae
422 680 495 722 tatem
517 676 703 734 octingentorum
725 679 764 723 vel

50 745 218 800 nongentorum
237 754 349 786 annorum
370 741 476 798 attigerit
483 738 506 801 ,)
532 742 725 797 membranae,'
717 754 763 787 ram

50 808 118 849 autea
132 805 237 861 lacerae,
254 804 369 861 siquidem
386 818 438 847 cum
449 818 469 847 v.
478 806 533 851 454.
546 806 643 848 secundi
653 805 710 849 libri
722 806 764 849 de-

50 868 151 926 sierant,
168 882 212 926 per
230 867 327 911 bellicas
345 867 429 909 turbas
445 867 491 909 iam
504 867 544 911 diu
556 867 712 924 interierunt,
724 868 764 911 ita

49 934 141 983 tomen,
157 934 183 974 ut
198 932 258 975 duae
272 934 337 973 certe
353 943 434 973 earum
448 928 586 973 collationes
598 934 705 975 servatae
716 929 763 974 11111

49 995 112 1038 inter
123 993 250 1039 Vossianos
263 994 287 1035 et
299 992 418 1036 Gudianos
431 991 570 1050 thesauros,
587 1007 685 1088 quarum
697 996 763 1038 utra·
765 1032 769 1035 ,

50 1070 95 1122 que
105 1056 277 1114 Havcrcampus
287 1069 342 1098 usus
354 1057 391 1098 est
402 1050 439 1116 4).
461 1068 463 1070 ’

113 1116 780 1174 1111111011Α1111Ι111111111111111111111101111
833 1116 837 1118 ’

51 1195 102 1228 cem
112 1182 137 1227 in
148 1171 233 1227 bibliot
235 1182 294 1226 heca
303 1181 417 1226 Caesarea
428 1178 602 1226 Vindobonensi
611 1185 763 1238 asservatum,

50 1247 261 1303 membranaceum,
277 1245 356 1290 seculo
367 1244 418 1291 XV.
428 1240 569 1290 nitidissime
579 1246 703 1306 scriptum,
712 1247 763 1294 vsed
815 1272 816 1275 =

50 1310 111 1353 uitiis
125 1310 255 1358 innumeris
271 1309 400 1364 refertum
416 1322 483 1366 quem
493 1311 578 1359 tamen
590 1322 618 1352 ex
632 1311 762 1368 archetypo

50 1374 107 1417 satis
120 1373 213 1430 antiquo
226 1372 369 1430 descriptum
379 1375 442 1430 puto.
475 1372 541 1417 Idem
549 1373 718 1430 'discrepantes
727 1373 762 1416 le-
797 1391 799 1394 ·

50 1436 139 1480 ctioues
150 1435 208 1479 alius
216 1435 308 1479 Codicis
320 1435 409 1478 ibidem
419 1434 517 1493 repositi
527 1435 604 1490 affert,
615 1436 687 1492 quiin
697 1435 762 1493 prin-

50 1499 110 1556 cipio
123 1498 198 1543 seculi
205 1497 267 1544 XIV.
275 1502 382 1542 exaratus
394 1498 495 1555 videtur,
508 1501 535 1540 et,
543 1498 607 1543 iuter
618 1498 663 1543 alia
672 1499 761 1542 Lucre·
817 1523 828 1533 .,

50 1562 78 1606 t'ii
94 1576 184 1619 quoquc
194 1561 325 1619 fragmenta
338 1562 465 1619 quaedam,
482 1576 496 1604 e
508 1559 575 1605 libris
587 1561 616 1605 ΙΙ.
633 1558 669 1623 (v.
678 1564 761 1607 11611-

50 1622 158 1688 11752)
171 1624 210 1669 Ill.
223 1623 262 1688 (v.
274 1623 419 1689 1-614.‘i)
437 1627 461 1671 11
476 1623 516 1672 VI.
533 1620 571 1687 (v-
583 1620 761 1687 aul—1285.)

49 1689 137 1747 petita,
154 1689 259 1734 continet
270 1685 303 1752 ⁵).
346 1694 348 1705 ‘

100 1813 129 1864 3)
142 1813 204 1851 Huius
221 1824 297 1863 quoque
314 1812 392 1852 Codicis
406 1813 527 1853 collatronem
536 1811 603 1851 habuit
613 1811 677 1852 editor
687 1813 760 1852 Londi-

50 1865 120 1912 nensis,
134 1868 154 1903 et
166 1868 210 1916 post
221 1877 263 1913 eum
277 1864 387 1912 Creechius,
401 1870 482 1916 uterque
494 1876 540 1902 vero
551 1876 588 1902 uec
600 1870 669 1915 perpe
670 1878 713 1904 uam
724 1878 761 1904 uec
778 1872 780 1874 ’

50 1920 163 1955 accuratam.
190 1908 322 1954 Wakefieldus
332 1917 418 1967 queritur
428 1917 452 1954 de
460 1915 619 1964 inhumanissimis
630 1917 761 1955 bibliothecae
842 1919 843 1923 ’

49 1966 167 2006 Bodleianae
176 1967 266 2018 legibus,
281 1981 330 2018 quae
345 1968 425 2007 liberam
440 1968 491 2006 illius
500 1959 662 2005 tractationem
656 1968 695 2019 ipsi
709 1968 761 2006 haud

49 2019 194 2107 permisissent3
188 2020 277 2071 ‚quodi
278 2032 332 2058 amen
341 2019 361 2057 iu
372 2019 409 2058 hoc
418 2019 468 2059 libro
477 2031 516 2058 uon
525 2018 609 2070 optimae
618 2023 676 2059 uotae
685 2019 761 2059 facilius

59 2082 96 2109 ern
119 2072 206 2111 11111111.

100 2084 128 2173 p)
147 2122 243 2163 Vossii
256 2121 354 2161 collatio
348 2122 445 2161 invenitur
459 2122 480 2161 in
494 2121 611 2160 bibliotheca
626 2121 690 2171 Lugd
708 2121 761 2169 Bat,

50 2173 171 2214 Gudiana
187 2188 247 2226 vero,
271 2174 296 2212 ad
315 2173 361 2245 edit.
380 2173 508 2228 Raphelengii
523 2174 587 2222 facta,
608 2172 629 2212 iu
643 2173 761 2213 bibliotheca

49 2224 178 2277 Guelpherbit
179 2241 222 2267 aua.

99 2279 128 2329 5)
141 2278 285 2330 Negligentiam
295 2279 315 2316 11
325 2276 439 2338 imperitiam
450 2275 506 2315 huius
517 2275 614 2316 collatoris
624 2275 759 2315 Vindobonen-

49 2326 87 2375 sis,
101 2342 150 2380 quae
163 2344 210 2369 sane
223 2335 289 2370 votum
303 2329 397 2376 excitant,
411 2333 433 2367 ut
448 2328 525 2367 codices
539 2327 568 2367 illi
583 2328 685 2379 aliquando
698 2327 758 2365 denuo

48 2382 69 2418 11
79 2382 189 2422 accuratius
198 2384 332 2431 conferantur,
345 2381 478 2429 Wakefieldus
489 2380 536 2423 satis
548 2393 619 2422 severe
631 2380 722 2433 castigat
