1690 2654
184 150 186 152 ,
205 99 438 155 ARGUMENTUM
454 99 536 146 Lllilil
550 96 581 146 V.
612 125 615 129 ·
714 111 751 144 mr

36 220 88 273 quod
99 232 162 260 omnes
173 218 214 257 eius
224 220 289 271 partes
303 215 385 255 subinde
394 215 491 255 intereant
505 215 532 267 [v.
546 212 674 264 157—235t
700 212 751 252 Nam

36 275 87 312 sicut
101 277 194 324 quatuor,
208 270 299 321 equibus
312 271 399 316 constat,
414 268 516 316 elementa,
531 274 595 315 terra,
610 279 672 318 aqua,
687 268 751 303 aeret

35 325 93 376 ignis,
103 329 122 363 et
132 327 178 362 nata
190 322 228 361 sint
238 327 257 359 et
267 320 425 369 exstinguantur:
438 319 466 357 ita
475 320 563 358 mundum
573 320 636 370 ipsum
647 317 750 369 aliquando

31 376 109 419 initium
118 375 215 419 babuisse,
230 371 331 421 aliquando
342 370 400 407 finem
408 370 517 408 habiturum
527 384 570 409 esse
582 375 608 420 iv.
618 366 751 418 aab-324}

36 428 112 467 Initium
127 426 167 464 eius
177 428 245 474 patere
256 427 296 459 tum
308 433 331 458 ex
346 420 441 472 principio
453 421 546 459 historiae
559 422 590 470 [v.
602 424 640 463 325
651 444 678 450 -—
688 422 749 470 330]‚

35 484 75 517 tum
91 490 115 515 ex
135 475 204 518 artium
218 486 287 512 recens
303 472 449 511 adinventarum
463 473 538 511 ratione
554 474 750 521 [v.331-351];

35 531 93 568 finern
107 531 169 565 autem
184 524 275 575 cognosci
289 523 360 575 partim
376 536 400 561 ex
412 537 445 571 eo,
464 525 515 574 quod
530 525 649 563 aeternitatis
663 525 715 563 notio
730 523 751 561 iu

36 579 124 618 mundum
141 590 179 615 non
193 577 250 614 cadat
262 576 372 625 [aafia-
382 575 441 625 380],
467 576 538 627 partim
553 589 564 614 e
580 576 670 614 continua
686 586 751 626 pugna

37 631 171 670 elementorum
183 627 213 677 [v.
224 624 369 677 381-394];
387 629 408 665 et
419 627 526 677 mythorum
542 628 715 666 considerationem
727 638 750 664 eo

36 695 71 721 nos
87 682 169 727 ducere,
187 682 209 718 ut
220 678 269 717 hanc
280 690 391 729 compagem
402 692 438 717 nec
454 681 478 717 ab
495 683 573 718 aeterno
587 679 695 726 exstitisse,
714 688 751 716 nec

36 735 79 772 fore
88 731 221 782 sempiternam
231 733 318 782 putemus
333 730 363 779 [ν.
375 732 414 781 395
424 752 450 758 -
459 728 518 781 416}
545 730 639 781 Sequitur
649 743 750 779 cosmogo-

36 784 69 823 nia
77 782 159 834 Epicuri
172 783 201 832 [v.
212 780 353 832 417-4ssa];
367 783 470 820 secuudum
482 796 539 833 quam
549 786 607 834 poeta
617 783 641 820 de
653 786 697 821 ortu
710 782 750 819 sin-

37 836 123 887 gularum
137 834 201 873 mundi
215 834 298 884 partium
313 846 337 871 ex
354 833 451 884 indigesta
468 835 550 885 quadam
563 835 615 872 mole
630 833 749 886 pronuntiat,

31 887 154 937 eisdemque,
164 889 222 937 prout
233 886 334 935 graviores
345 885 466 936 levioresque
478 890 528 933 sunt,
543 886 599 924 sedes
610 899 655 924 suas
666 890 686 924 et
696 885 750 923 iocos

38 939 127 978 attribuit
141 938 172 987 [v.
182 936 320 986 laass509p
339 937 409 975 deinde
425 938 449 975 de
464 937 513 975 coeli
529 937 651 987 siderumque
667 935 750 974 motibus

37 991 85 1029 duas
100 990 158 1028 affert
171 988 269 1039 opiniones
287 989 319 1037 [v.
330 986 470 1037 510—534]:
489 989 546 1026 docet
555 1001 624 1039 porro,
644 1000 682 1039 quo
694 986 750 1025 modo

36 1048 102 1080 terrae
112 1040 167 1078 buius
177 1052 286 1089 compages,
300 1045 356 1089 quum
366 1051 436 1089 corpus
451 1051 511 1089 grave
520 1040 552 1086 sit,
565 1039 616 1077 nullo
627 1039 750 1078 fimdamento

37 1092 112 1139 innixa,
126 1092 211 1142 pendeat
227 1092 256 1140 [v.
267 1091 305 1130 535
315 1112 342 1118 —«
353 1090 416 1140 564]:
433 1090 542 1132 tumsclem
558 1094 577 1129 et
591 1090 653 1129 lunam
665 1089 750 1135 metitur,

38 1157 99 1195 eaque
108 1156 144 1181 nec
154 1142 227 1180 maiora
237 1154 274 1179 nec
288 1141 361 1180 minora
371 1155 425 1188 esse,
439 1155 495 1192 quam
504 1142 559 1181 nobis
569 1146 686 1193 appareant,
699 1141 751 1180 iudi-

38 1201 71 1234 cat
81 1197 110 1245 [v.
123 1196 160 1235 565
169 1216 195 1223 —-
208 1192 272 1243 584];
286 1193 396 1231 sedstellas
406 1206 522 1244 perparvum
534 1194 624 1244 quiddam
634 1198 709 1232 mutare
720 1192 751 1230 vi-

38 1247 80 1286 deri
88 1247 221 1284 lineamentum
232 1245 265 1282 vel
275 1245 416 1283 extremitatem
428 1245 448 1282 in
463 1245 574 1284 alterutram
584 1249 659 1296 partem
670 1245 701 1294 [v.
711 1243 751 1284 585

38 1299 137 1345 -591]:
158 1297 213 1334 simul
223 1297 298 1335 refutat
312 1309 356 1343 eos,
375 1297 408 1347 qui
419 1310 443 1334 er
451 1297 524 1335 tantulo
534 1297 575 1335 sole
591 1301 666 1336 tantmn
675 1296 751 1334 illorum

39 1349 120 1388 calorem
131 1348 233 1395 etlumen,
252 1361 288 1399 per
298 1347 418 1395 universum,
432 1361 507 1398 quaque
518 1353 583 1398 patet,
597 1349 677 1386 aethera
689 1347 751 1385 diffu-

37 1414 88 1447 srun,
103 1412 192 1439 emanare
203 1399 237 1437 nix
248 1412 306 1451 posse
316 1402 414 1437 autumant
428 1399 458 1449 [v.
471 1401 510 1440 592
519 1422 546 1427 —
555 1399 619 1450 612J:
634 1398 715 1449 denique
726 1398 751 1436 de
810 1407 812 1410 '

38 1452 84 1489 solis
97 1465 120 1488 ac
130 1452 187 1489 lunae
197 1451 359 1498 conversionibus,
374 1463 408 1489 seu
419 1451 443 1489 de
452 1451 534 1489 solstitio
545 1451 618 1489 aestivo
628 1450 749 1501 hiemalique,

39 1503 149 1553 disputans,
169 1502 235 1541 uarias
250 1503 351 1551 utriusque
363 1515 430 1540 causas
439 1503 506 1540 'reddit
521 1503 554 1552 [v.
566 1505 604 1543 613
613 1524 640 1530 -
650 1501 715 1551 648];
729 1506 751 1538 et

39 1566 76 1604 quo
94 1554 149 1592 modo
163 1566 200 1592 nox
215 1554 251 1592 fiat
268 1554 299 1603 [r.
310 1552 444 1603 ele—654],
464 1567 501 1603 quo
519 1555 586 1600 modo,
604 1567 674 1592 aurora
690 1553 749 1590 solem

0 1640 1 1643 ,
39 1605 176 1654 praecedente,
190 1605 231 1642 dies
248 1607 321 1644 oriatur
332 1606 364 1652 [v.
375 1605 413 1645 655
423 1627 450 1632 —
459 1605 523 1655 673];
545 1617 579 1644 cur
590 1605 631 1643 dies
649 1604 668 1643 et
681 1607 749 1643 noctes

1 1690 3 1695 ⁴
39 1656 122 1693 vicissim
136 1670 157 1694 se
167 1658 302 1707 superent1v.
313 1658 461 1703 eta-toan
484 1655 750 1705 curlunavultumetfigu-

3 1724 5 1726 >
40 1708 79 1745 ram
90 1706 153 1746 variet
167 1707 197 1757 [v1
209 1705 356 1758 703-749];
377 1720 411 1746 cur
420 1707 449 1746 sol
463 1711 483 1747 et
491 1709 537 1746 luna
548 1709 644 1746 defectum
652 1707 750 1758 patiant-ur

4 1769 6 1793 J
42 1759 222 1808 [atto—W,
236 1759 330 1809 adiungit.
356 1758 405 1797 Post
413 1760 467 1807 haec,
481 1759 556 1798 ecoelo
568 1759 692 1806 descendens,
705 1758 750 1796 her-

4 1844 5 1847 ,
40 1810 115 1857 barum,
129 1811 230 1856 arborum,
244 1811 321 1856 auium,
334 1811 443 1857 brutorum,
462 1812 555 1849 hominum
570 1811 653 1860 origines
668 1823 680 1848 a
696 1814 750 1847 terra

4 1876 5 1879 ¹
41 1861 120 1910 repetit,
134 1874 184 1911 qnae
195 1865 271 1900 creatas
281 1875 313 1899 res
325 1862 434 1911 profuderit
446 1862 489 1900 olim
501 1863 530 1911 [r.
541 1864 579 1902 778
588 1884 615 1890 -—
626 1861 686 1909 saal,
699 1873 750 1898 nunc

2 1935 8 1965 ⁴.
41 1912 110 1949 sterilis
124 1910 473 1963 factaeteffeta[caat-834}
500 1913 540 1951 Sed
557 1912 698 1964 qucdfortuito
711 1911 750 1949 sint

3 1975 9 2008 j
41 1964 101 2000 omnia
110 1967 166 2011 nata,
181 1964 225 2002 ideo
238 1966 342 2015 putandum
357 1978 410 2011 esse,
423 1965 444 2002 in
453 1964 548 2016 principio
563 1963 676 2002 mundialia
689 1976 749 2014 quae-

6 2032 8 2068 2
41 2014 83 2051 dam
92 2014 237 2054 innumerabilia
247 2016 336 2054 animalia
343 2016 429 2054 miranda
440 2017 505 2067 specie
519 2021 539 2053 et
548 2015 677 2067 magnitudine
689 2014 749 2060 exsti-

41 2063 93 2111 tisse,
107 2067 141 2104 sed
150 2080 263 2117 permanere
277 2081 314 2106 non
324 2068 415 2118 potuisse,
430 2068 502 2119 quippe
513 2068 551 2106 cibi
563 2066 648 2105 sumendi
658 2066 749 2104 coeundi-

7 2138 9 2172 3
42 2126 78 2174 que
92 2117 184 2157 facultate
199 2119 295 2159 carentia:
315 2123 432 2171 quapropter
447 2123 531 2157 monstra
546 2122 566 2157 et
576 2118 642 2156 mutila
656 2118 749 2168 quaedam

42 2169 62 2202 et
70 2169 181 2215 unpersectu
192 2171 281 2209 animalia
289 2170 382 2216 concedit,
396 2171 432 2209 sed
441 2171 558 2218 Chimaeras,
566 2170 680 2216 Centauros,
691 2168 749 2218 Scyl-

41 2215 69 2254 las
79 2218 190 2271 reliquaque
201 2226 301 2273 poetarum
310 2225 400 2272 portenta
410 2222 462 2259 ridet
472 2222 499 2271 [v.
509 2222 546 2261 835
557 2243 583 2249 —
593 2221 646 2269 922}
673 2219 748 2258 Primo*

2 2276 7 2284 ’·
41 2279 82 2305 rum
92 2268 184 2311 hommum
196 2274 250 2312 rudis
260 2273 307 2320 vita,
321 2274 369 2311 rude
379 2272 474 2322 ingenium
485 2273 512 2322 [v.
523 2274 561 2312 923
572 2271 679 2321 -1009];
692 2270 747 2322 paul-

3 2370 6 2376 A
41 2318 60 2354 lo
70 2325 115 2368 post
124 2322 178 2362 initia
188 2325 274 2364 culturae
286 2325 311 2371 lv.
322 2326 373 2365 1010
381 2346 409 2352 -·
418 2323 490 2374 1006],
503 2324 631 2375 inuentusque
641 2335 702 2361 senno
714 2322 747 2368 [s.

42 2372 205 2427 1027-1089p
232 2377 330 2424 Tandem,
343 2379 389 2427 post
402 2375 466 2426 ignem
477 2376 591 2415 interrasa
605 2374 682 2413 fumriue
695 2372 747 2410 dela-

7 2427 9 2429 ’
42 2427 92 2468 tum,
111 2423 208 2466 humanior
217 2429 259 2467 vita
269 2432 288 2466 et
298 2428 362 2466 rictus
371 2427 445 2465 mollior
461 2427 491 2477 [v.
505 2425 676 2474 1090-1106]:
694 2424 746 2461 facta
816 2455 819 2460 Α

1 2480 2 2483 ’
42 2472 133 2516 bominum
144 2478 238 2519 societas:
251 2492 308 2530 reges
319 2478 429 2520 constituti:
443 2478 486 2529 agui
497 2479 565 2518 divisi:
578 2481 624 2530 post
635 2474 745 2515 seditionem
