<?xml version="1.0" encoding="UTF-8"?>
<!DOCTYPE html PUBLIC "-//W3C//DTD XHTML 1.0 Transitional//EN"
    "http://www.w3.org/TR/xhtml1/DTD/xhtml1-transitional.dtd">
<html xmlns="http://www.w3.org/1999/xhtml" xml:lang="en" lang="en">
 <head>
  <title>
</title>
<meta http-equiv="Content-Type" content="text/html;charset=utf-8" />
  <meta name='ocr-system' content='tesseract 3.04.00' />
  <meta name='ocr-capabilities' content='ocr_page ocr_carea ocr_par ocr_line ocrx_word'/>
</head>
<body>
  <div class='ocr_page' id='page_1' title='image "./MN40048ucmf_3_0123.png"; bbox 0 0 1690 2654; ppageno 0'>
   <div class='ocr_carea' id='block_1_1' title="bbox 287 50 446 98">
    <p class='ocr_par' dir='ltr' id='par_1_1' title="bbox 287 50 446 98">
     <span class='ocr_line' id='line_1_1' title="bbox 287 50 446 98; baseline -0.006 0"><span class='ocrx_word' id='word_1_1' title='bbox 287 50 446 98; x_wconf 75' lang='lat' dir='ltr'>uluuu‘u.</span> 
     </span>
    </p>
   </div>
   <div class='ocr_carea' id='block_1_2' title="bbox 60 164 726 426">
    <p class='ocr_par' dir='ltr' id='par_1_2' title="bbox 61 164 584 219">
     <span class='ocr_line' id='line_1_2' title="bbox 61 164 584 219; baseline -0.008 -11"><span class='ocrx_word' id='word_1_2' title='bbox 61 169 110 208; x_wconf 78' lang='lat' dir='ltr'>Esse</span> <span class='ocrx_word' id='word_1_3' title='bbox 122 168 185 219; x_wconf 84' lang='lat' dir='ltr'>igitur</span> <span class='ocrx_word' id='word_1_4' title='bbox 197 178 269 218; x_wconf 82' lang='lat' dir='ltr'>genere</span> <span class='ocrx_word' id='word_1_5' title='bbox 281 167 303 206; x_wconf 89' lang='lat' dir='ltr'>in</span> <span class='ocrx_word' id='word_1_6' title='bbox 315 164 384 216; x_wconf 84' lang='lat' dir='ltr'>quovis</span> <span class='ocrx_word' id='word_1_7' title='bbox 396 165 505 216; x_wconf 86' lang='lat' dir='ltr'>primordia</span> <span class='ocrx_word' id='word_1_8' title='bbox 518 177 584 204; x_wconf 87' lang='lat' dir='ltr'>rerum</span> 
     </span>
    </p>

    <p class='ocr_par' dir='ltr' id='par_1_3' title="bbox 60 217 726 323">
     <span class='ocr_line' id='line_1_3' title="bbox 60 217 697 275; baseline -0.008 -15"><span class='ocrx_word' id='word_1_9' title='bbox 60 220 140 261; x_wconf 84' lang='lat' dir='ltr'>Infinita</span> <span class='ocrx_word' id='word_1_10' title='bbox 152 221 220 270; x_wconf 88' lang='lat' dir='ltr'>palam</span> <span class='ocrx_word' id='word_1_11' title='bbox 232 223 270 266; x_wconf 90' lang='lat' dir='ltr'>est,</span> <span class='ocrx_word' id='word_1_12' title='bbox 283 220 335 258; x_wconf 89' lang='lat' dir='ltr'>unde</span> <span class='ocrx_word' id='word_1_13' title='bbox 348 219 415 257; x_wconf 89' lang='lat' dir='ltr'>omnia</span> <span class='ocrx_word' id='word_1_14' title='bbox 428 217 582 269; x_wconf 74' lang='lat' dir='ltr'>suppeditantur.</span> <span class='ocrx_word' id='word_1_15' title='bbox 687 264 697 275; x_wconf 86' lang='lat'><em>.</em></span> 
     </span>
     <span class='ocr_line' id='line_1_4' title="bbox 87 264 726 323; baseline -0.009 -12"><span class='ocrx_word' id='word_1_16' title='bbox 87 273 128 312; x_wconf 76' lang='lat' dir='ltr'>Nec</span> <span class='ocrx_word' id='word_1_17' title='bbox 140 284 233 323; x_wconf 87' lang='lat' dir='ltr'>superare</span> <span class='ocrx_word' id='word_1_18' title='bbox 246 275 319 322; x_wconf 87' lang='lat' dir='ltr'>queunt</span> <span class='ocrx_word' id='word_1_19' title='bbox 332 275 397 310; x_wconf 90' lang='lat' dir='ltr'>motus</span> <span class='ocrx_word' id='word_1_20' title='bbox 409 270 475 319; x_wconf 87' lang='lat' dir='ltr'>itaque</span> <span class='ocrx_word' id='word_1_21' title='bbox 488 270 576 308; x_wconf 83' lang='lat' dir='ltr'>exitiales</span> <span class='ocrx_word' id='word_1_22' title='bbox 686 264 726 305; x_wconf 74' lang='lat'>070</span> 
     </span>
    </p>

    <p class='ocr_par' dir='ltr' id='par_1_4' title="bbox 61 322 595 374">
     <span class='ocr_line' id='line_1_5' title="bbox 61 322 595 374; baseline -0.004 -11"><span class='ocrx_word' id='word_1_23' title='bbox 61 326 170 374; x_wconf 83' lang='lat' dir='ltr'>Perpetuo,</span> <span class='ocrx_word' id='word_1_24' title='bbox 183 323 279 372; x_wconf 77' lang='lat' dir='ltr'>nequeiu</span> <span class='ocrx_word' id='word_1_25' title='bbox 292 327 393 361; x_wconf 86' lang='lat' dir='ltr'>aeteruum</span> <span class='ocrx_word' id='word_1_26' title='bbox 405 322 488 370; x_wconf 87' lang='lat' dir='ltr'>sepelire</span> <span class='ocrx_word' id='word_1_27' title='bbox 500 323 595 368; x_wconf 68' lang='lat' dir='ltr'>salutem</span> 
     </span>
    </p>

    <p class='ocr_par' dir='ltr' id='par_1_5' title="bbox 61 372 512 426">
     <span class='ocr_line' id='line_1_6' title="bbox 61 372 512 426; baseline -0.011 -11"><span class='ocrx_word' id='word_1_28' title='bbox 61 377 102 416; x_wconf 83' lang='lat' dir='ltr'>Nec</span> <span class='ocrx_word' id='word_1_29' title='bbox 114 387 173 426; x_wconf 86' lang='lat' dir='ltr'>porro</span> <span class='ocrx_word' id='word_1_30' title='bbox 186 387 253 412; x_wconf 85' lang='lat' dir='ltr'>rerum</span> <span class='ocrx_word' id='word_1_31' title='bbox 265 374 361 425; x_wconf 77' lang='lat' dir='ltr'>genitales</span> <span class='ocrx_word' id='word_1_32' title='bbox 375 372 512 421; x_wconf 86' lang='lat' dir='ltr'>auctificeique</span> 
     </span>
    </p>
   </div>
   <div class='ocr_carea' id='block_1_3' title="bbox 3 429 502 476">
    <p class='ocr_par' dir='ltr' id='par_1_6' title="bbox 3 429 502 476">
     <span class='ocr_line' id='line_1_7' title="bbox 3 429 502 476; baseline -0.01 -8"><span class='ocrx_word' id='word_1_33' title='bbox 3 456 4 459; x_wconf 55' lang='lat'><em>=</em></span> <span class='ocrx_word' id='word_1_34' title='bbox 61 430 127 468; x_wconf 82' lang='lat' dir='ltr'>Motus</span> <span class='ocrx_word' id='word_1_35' title='bbox 140 431 235 476; x_wconf 87' lang='lat' dir='ltr'>perpetuo</span> <span class='ocrx_word' id='word_1_36' title='bbox 247 429 327 475; x_wconf 83' lang='lat' dir='ltr'>possunt</span> <span class='ocrx_word' id='word_1_37' title='bbox 339 438 417 464; x_wconf 84' lang='lat' dir='ltr'>servare</span> <span class='ocrx_word' id='word_1_38' title='bbox 427 429 502 463; x_wconf 55' lang='lat' dir='ltr'>‘creata</span> 
     </span>
    </p>
   </div>
   <div class='ocr_carea' id='block_1_4' title="bbox 15 477 727 2511">
    <p class='ocr_par' dir='ltr' id='par_1_7' title="bbox 15 477 727 2511">
     <span class='ocr_line' id='line_1_8' title="bbox 62 477 535 529; baseline -0.008 -11"><span class='ocrx_word' id='word_1_39' title='bbox 62 480 97 519; x_wconf 86' lang='lat' dir='ltr'>Sic</span> <span class='ocrx_word' id='word_1_40' title='bbox 109 490 172 526; x_wconf 87' lang='lat' dir='ltr'>aequo</span> <span class='ocrx_word' id='word_1_41' title='bbox 184 478 262 529; x_wconf 76' lang='lat' dir='ltr'><strong>geritur</strong></span> <span class='ocrx_word' id='word_1_42' title='bbox 274 478 380 516; x_wconf 79' lang='lat' dir='ltr'>certamine</span> <span class='ocrx_word' id='word_1_43' title='bbox 392 477 535 528; x_wconf 82' lang='lat' dir='ltr'><strong>principiorum</strong></span> 
     </span>
     <span class='ocr_line' id='line_1_9' title="bbox 62 523 727 579; baseline -0.011 -9"><span class='ocrx_word' id='word_1_44' title='bbox 62 533 92 570; x_wconf 82' lang='lat' dir='ltr'>Eu</span> <span class='ocrx_word' id='word_1_45' title='bbox 104 530 180 568; x_wconf 86' lang='lat' dir='ltr'>infinito</span> <span class='ocrx_word' id='word_1_46' title='bbox 193 533 314 568; x_wconf 86' lang='lat' dir='ltr'>contractum</span> <span class='ocrx_word' id='word_1_47' title='bbox 327 533 414 579; x_wconf 90' lang='lat' dir='ltr'>tempore</span> <span class='ocrx_word' id='word_1_48' title='bbox 426 530 508 567; x_wconf 79' lang='lat' dir='ltr'>bellum.</span> <span class='ocrx_word' id='word_1_49' title='bbox 687 523 727 563; x_wconf 65' lang='lat'>525</span> 
     </span>
     <span class='ocr_line' id='line_1_10' title="bbox 61 581 568 631; baseline -0.006 -10"><span class='ocrx_word' id='word_1_50' title='bbox 61 584 119 623; x_wconf 75' lang='lat' dir='ltr'>Nunc</span> <span class='ocrx_word' id='word_1_51' title='bbox 131 582 176 628; x_wconf 86' lang='lat' dir='ltr'>hic,</span> <span class='ocrx_word' id='word_1_52' title='bbox 189 595 241 620; x_wconf 90' lang='lat' dir='ltr'>nuuc</span> <span class='ocrx_word' id='word_1_53' title='bbox 253 581 295 620; x_wconf 86' lang='lat' dir='ltr'>illic</span> <span class='ocrx_word' id='word_1_54' title='bbox 307 586 399 631; x_wconf 91' lang='lat' dir='ltr'>superant</span> <span class='ocrx_word' id='word_1_55' title='bbox 411 581 482 619; x_wconf 82' lang='lat' dir='ltr'>vitalia</span> <span class='ocrx_word' id='word_1_56' title='bbox 494 591 568 627; x_wconf 87' lang='lat' dir='ltr'>rerum,</span> 
     </span>
     <span class='ocr_line' id='line_1_11' title="bbox 62 634 563 683; baseline -0.008 -10"><span class='ocrx_word' id='word_1_57' title='bbox 62 637 90 674; x_wconf 86' lang='lat' dir='ltr'>Et</span> <span class='ocrx_word' id='word_1_58' title='bbox 103 637 218 683; x_wconf 78' lang='lat' dir='ltr'>superantur</span> <span class='ocrx_word' id='word_1_59' title='bbox 231 634 291 672; x_wconf 88' lang='lat' dir='ltr'>item:</span> <span class='ocrx_word' id='word_1_60' title='bbox 304 634 398 672; x_wconf 90' lang='lat' dir='ltr'>miscetur</span> <span class='ocrx_word' id='word_1_61' title='bbox 406 634 480 672; x_wconf 77' lang='lat' dir='ltr'>‘funere</span> <span class='ocrx_word' id='word_1_62' title='bbox 492 643 563 682; x_wconf 83' lang='lat' dir='ltr'>vagor,</span> 
     </span>
     <span class='ocr_line' id='line_1_12' title="bbox 62 684 562 736; baseline -0.004 -12"><span class='ocrx_word' id='word_1_63' title='bbox 62 688 126 736; x_wconf 79' lang='lat' dir='ltr'>Quem</span> <span class='ocrx_word' id='word_1_64' title='bbox 139 685 207 735; x_wconf 82' lang='lat' dir='ltr'>puerei</span> <span class='ocrx_word' id='word_1_65' title='bbox 219 687 301 733; x_wconf 80' lang='lat' dir='ltr'>tollunt,</span> <span class='ocrx_word' id='word_1_66' title='bbox 314 686 402 724; x_wconf 83' lang='lat' dir='ltr'>visentes</span> <span class='ocrx_word' id='word_1_67' title='bbox 407 684 493 723; x_wconf 86' lang='lat' dir='ltr'>luminis</span> <span class='ocrx_word' id='word_1_68' title='bbox 506 696 562 730; x_wconf 79' lang='lat' dir='ltr'>oras3</span> 
     </span>
     <span class='ocr_line' id='line_1_13' title="bbox 62 733 675 787; baseline -0.01 -11"><span class='ocrx_word' id='word_1_69' title='bbox 62 739 103 778; x_wconf 81' lang='lat' dir='ltr'>Nec</span> <span class='ocrx_word' id='word_1_70' title='bbox 115 750 153 776; x_wconf 84' lang='lat' dir='ltr'>nox</span> <span class='ocrx_word' id='word_1_71' title='bbox 165 738 207 776; x_wconf 83' lang='lat' dir='ltr'>ulla</span> <span class='ocrx_word' id='word_1_72' title='bbox 220 737 284 786; x_wconf 90' lang='lat' dir='ltr'>diem,</span> <span class='ocrx_word' id='word_1_73' title='bbox 297 750 360 787; x_wconf 88' lang='lat' dir='ltr'>neque</span> <span class='ocrx_word' id='word_1_74' title='bbox 371 740 448 775; x_wconf 87' lang='lat' dir='ltr'>noctem</span> <span class='ocrx_word' id='word_1_75' title='bbox 460 748 532 775; x_wconf 89' lang='lat' dir='ltr'>aurora</span> <span class='ocrx_word' id='word_1_76' title='bbox 544 733 626 784; x_wconf 82' lang='lat' dir='ltr'>sequuta</span> <span class='ocrx_word' id='word_1_77' title='bbox 638 733 675 780; x_wconf 78' lang='lat' dir='ltr'>eso,</span> 
     </span>
     <span class='ocr_line' id='line_1_14' title="bbox 64 778 727 839; baseline -0.006 -11"><span class='ocrx_word' id='word_1_78' title='bbox 64 792 121 839; x_wconf 77' lang='lat' dir='ltr'>Quae</span> <span class='ocrx_word' id='word_1_79' title='bbox 132 801 171 828; x_wconf 89' lang='lat' dir='ltr'>nou</span> <span class='ocrx_word' id='word_1_80' title='bbox 184 789 268 828; x_wconf 84' lang='lat' dir='ltr'>audierit</span> <span class='ocrx_word' id='word_1_81' title='bbox 280 789 351 836; x_wconf 84' lang='lat' dir='ltr'>mixtos</span> <span class='ocrx_word' id='word_1_82' title='bbox 363 788 465 839; x_wconf 85' lang='lat' dir='ltr'>vagitibus</span> <span class='ocrx_word' id='word_1_83' title='bbox 478 786 543 837; x_wconf 79' lang='lat' dir='ltr'>aegris</span> <span class='ocrx_word' id='word_1_84' title='bbox 687 778 727 821; x_wconf 80' lang='grc'>589</span> 
     </span>
     <span class='ocr_line' id='line_1_15' title="bbox 62 840 517 888; baseline -0.009 -7"><span class='ocrx_word' id='word_1_85' title='bbox 62 844 165 888; x_wconf 66' lang='lat' dir='ltr'>ploratus,</span> <span class='ocrx_word' id='word_1_86' title='bbox 179 841 249 879; x_wconf 87' lang='lat' dir='ltr'>mortis</span> <span class='ocrx_word' id='word_1_87' title='bbox 262 841 342 879; x_wconf 84' lang='lat' dir='ltr'>comites</span> <span class='ocrx_word' id='word_1_88' title='bbox 354 845 374 879; x_wconf 90' lang='lat' dir='ltr'>et</span> <span class='ocrx_word' id='word_1_89' title='bbox 386 840 460 879; x_wconf 88' lang='lat' dir='ltr'>funeris</span> <span class='ocrx_word' id='word_1_90' title='bbox 473 840 517 878; x_wconf 88' lang='lat' dir='ltr'>atri.</span> 
     </span>
     <span class='ocr_line' id='line_1_16' title="bbox 87 888 603 944; baseline -0.012 -13"><span class='ocrx_word' id='word_1_91' title='bbox 87 894 139 932; x_wconf 89' lang='lat' dir='ltr'>Illud</span> <span class='ocrx_word' id='word_1_92' title='bbox 151 893 173 931; x_wconf 93' lang='lat' dir='ltr'>iu</span> <span class='ocrx_word' id='word_1_93' title='bbox 184 893 217 931; x_wconf 89' lang='lat' dir='ltr'>his</span> <span class='ocrx_word' id='word_1_94' title='bbox 230 893 355 944; x_wconf 86' lang='lat' dir='ltr'>obsignatum</span> <span class='ocrx_word' id='word_1_95' title='bbox 368 905 445 941; x_wconf 89' lang='lat' dir='ltr'>quoque</span> <span class='ocrx_word' id='word_1_96' title='bbox 456 892 516 929; x_wconf 89' lang='lat' dir='ltr'>rebus</span> <span class='ocrx_word' id='word_1_97' title='bbox 528 888 603 928; x_wconf 85' lang='lat' dir='ltr'>babere</span> 
     </span>
     <span class='ocr_line' id='line_1_17' title="bbox 63 944 595 992; baseline -0.013 -8"><span class='ocrx_word' id='word_1_98' title='bbox 63 944 168 992; x_wconf 77' lang='lat' dir='ltr'>Convenit,</span> <span class='ocrx_word' id='word_1_99' title='bbox 182 949 202 982; x_wconf 85' lang='lat' dir='ltr'>et</span> <span class='ocrx_word' id='word_1_100' title='bbox 213 944 298 982; x_wconf 91' lang='lat' dir='ltr'>memori</span> <span class='ocrx_word' id='word_1_101' title='bbox 309 944 426 983; x_wconf 85' lang='lat' dir='ltr'>mandatnm</span> <span class='ocrx_word' id='word_1_102' title='bbox 439 946 505 981; x_wconf 91' lang='lat' dir='ltr'>mente</span> <span class='ocrx_word' id='word_1_103' title='bbox 520 945 595 980; x_wconf 80' lang='lat' dir='ltr'>tenere:</span> 
     </span>
     <span class='ocr_line' id='line_1_18' title="bbox 18 994 565 1046; baseline -0.011 -9"><span class='ocrx_word' id='word_1_104' title='bbox 18 1007 20 1010; x_wconf 79' lang='grc'><strong>“</strong></span> <span class='ocrx_word' id='word_1_105' title='bbox 62 997 162 1043; x_wconf 55' lang='lat' dir='ltr'>Nilesse</span> <span class='ocrx_word' id='word_1_106' title='bbox 175 996 196 1034; x_wconf 90' lang='lat' dir='ltr'>in</span> <span class='ocrx_word' id='word_1_107' title='bbox 208 999 289 1046; x_wconf 83' lang='lat' dir='ltr'>promtu</span> <span class='ocrx_word' id='word_1_108' title='bbox 302 1008 386 1045; x_wconf 91' lang='lat' dir='ltr'>qnorum</span> <span class='ocrx_word' id='word_1_109' title='bbox 398 998 469 1034; x_wconf 87' lang='lat' dir='ltr'>natura</span> <span class='ocrx_word' id='word_1_110' title='bbox 481 994 565 1040; x_wconf 84' lang='lat' dir='ltr'>videtur,</span> 
     </span>
     <span class='ocr_line' id='line_1_19' title="bbox 62 1046 565 1099; baseline -0.006 -13"><span class='ocrx_word' id='word_1_111' title='bbox 62 1049 121 1098; x_wconf 81' lang='lat' dir='ltr'>Quod</span> <span class='ocrx_word' id='word_1_112' title='bbox 133 1061 205 1099; x_wconf 81' lang='lat' dir='ltr'>genere</span> <span class='ocrx_word' id='word_1_113' title='bbox 218 1060 242 1085; x_wconf 81' lang='lat' dir='ltr'>ex</span> <span class='ocrx_word' id='word_1_114' title='bbox 255 1060 293 1086; x_wconf 90' lang='lat' dir='ltr'>uno</span> <span class='ocrx_word' id='word_1_115' title='bbox 307 1047 400 1086; x_wconf 88' lang='lat' dir='ltr'>consistat</span> <span class='ocrx_word' id='word_1_116' title='bbox 411 1046 565 1097; x_wconf 83' lang='lat' dir='ltr'>principiorum:</span> 
     </span>
     <span class='ocr_line' id='line_1_20' title="bbox 24 1097 644 1149; baseline -0.008 -8"><span class='ocrx_word' id='word_1_117' title='bbox 24 1129 26 1131; x_wconf 94' lang='lat'>-</span> <span class='ocrx_word' id='word_1_118' title='bbox 62 1102 104 1141; x_wconf 86' lang='lat' dir='ltr'>Nec</span> <span class='ocrx_word' id='word_1_119' title='bbox 117 1100 236 1149; x_wconf 83' lang='lat' dir='ltr'>quidquam,</span> <span class='ocrx_word' id='word_1_120' title='bbox 250 1100 302 1149; x_wconf 88' lang='lat' dir='ltr'>quod</span> <span class='ocrx_word' id='word_1_121' title='bbox 314 1112 353 1137; x_wconf 89' lang='lat' dir='ltr'>non</span> <span class='ocrx_word' id='word_1_122' title='bbox 366 1099 462 1148; x_wconf 82' lang='lat' dir='ltr'>permixto</span> <span class='ocrx_word' id='word_1_123' title='bbox 476 1097 551 1138; x_wconf 86' lang='lat' dir='ltr'>semiue</span> <span class='ocrx_word' id='word_1_124' title='bbox 563 1099 644 1137; x_wconf 86' lang='lat' dir='ltr'>constet.</span> 
     </span>
     <span class='ocr_line' id='line_1_21' title="bbox 15 1150 624 1203; baseline -0.003 -12"><span class='ocrx_word' id='word_1_125' title='bbox 15 1199 17 1202; x_wconf 12' lang='grc' dir='ltr'><em>Α</em></span> <span class='ocrx_word' id='word_1_126' title='bbox 47 1171 49 1173; x_wconf 31' lang='lat' dir='ltr'>v</span> <span class='ocrx_word' id='word_1_127' title='bbox 62 1154 253 1201; x_wconf 79' lang='lat' dir='ltr'>thuaequomque</span> <span class='ocrx_word' id='word_1_128' title='bbox 265 1151 331 1203; x_wconf 85' lang='lat' dir='ltr'>magis</span> <span class='ocrx_word' id='word_1_129' title='bbox 343 1150 374 1190; x_wconf 86' lang='lat' dir='ltr'>vis</span> <span class='ocrx_word' id='word_1_130' title='bbox 387 1152 459 1190; x_wconf 92' lang='lat' dir='ltr'>multas</span> <span class='ocrx_word' id='word_1_131' title='bbox 471 1150 557 1201; x_wconf 78' lang='lat' dir='ltr'>possidet</span> <span class='ocrx_word' id='word_1_132' title='bbox 568 1150 590 1192; x_wconf 90' lang='lat' dir='ltr'>in</span> <span class='ocrx_word' id='word_1_133' title='bbox 603 1161 624 1190; x_wconf 86' lang='lat' dir='ltr'>se</span> 
     </span>
     <span class='ocr_line' id='line_1_22' title="bbox 57 1202 551 1253; baseline -0.004 -9"><span class='ocrx_word' id='word_1_134' title='bbox 57 1205 127 1253; x_wconf 63' lang='lat' dir='ltr'>„Atque</span> <span class='ocrx_word' id='word_1_135' title='bbox 139 1206 255 1253; x_wconf 82' lang='lat' dir='ltr'>potestates,</span> <span class='ocrx_word' id='word_1_136' title='bbox 267 1203 296 1243; x_wconf 87' lang='lat' dir='ltr'>ita</span> <span class='ocrx_word' id='word_1_137' title='bbox 309 1203 396 1253; x_wconf 87' lang='lat' dir='ltr'>plurima</span> <span class='ocrx_word' id='word_1_138' title='bbox 408 1202 551 1253; x_wconf 84' lang='lat' dir='ltr'>principiorum</span> 
     </span>
     <span class='ocr_line' id='line_1_23' title="bbox 62 1256 593 1307; baseline 0 -11"><span class='ocrx_word' id='word_1_139' title='bbox 62 1258 85 1297; x_wconf 92' lang='lat' dir='ltr'>ln</span> <span class='ocrx_word' id='word_1_140' title='bbox 97 1269 139 1294; x_wconf 88' lang='lat' dir='ltr'>sese</span> <span class='ocrx_word' id='word_1_141' title='bbox 152 1268 225 1306; x_wconf 85' lang='lat' dir='ltr'>genera</span> <span class='ocrx_word' id='word_1_142' title='bbox 239 1268 263 1294; x_wconf 91' lang='lat' dir='ltr'>ac</span> <span class='ocrx_word' id='word_1_143' title='bbox 276 1256 341 1302; x_wconf 87' lang='lat' dir='ltr'>varias</span> <span class='ocrx_word' id='word_1_144' title='bbox 355 1257 411 1296; x_wconf 91' lang='lat' dir='ltr'>docet</span> <span class='ocrx_word' id='word_1_145' title='bbox 423 1269 465 1295; x_wconf 86' lang='lat' dir='ltr'>esse</span> <span class='ocrx_word' id='word_1_146' title='bbox 478 1256 560 1307; x_wconf 84' lang='lat' dir='ltr'>figuras.</span> <span class='ocrx_word' id='word_1_147' title='bbox 592 1269 593 1273; x_wconf 53' lang='lat'>¹</span> 
     </span>
     <span class='ocr_line' id='line_1_24' title="bbox 88 1307 628 1359; baseline 0.002 -13"><span class='ocrx_word' id='word_1_148' title='bbox 88 1307 199 1358; x_wconf 86' lang='lat' dir='ltr'>Principio,</span> <span class='ocrx_word' id='word_1_149' title='bbox 214 1307 272 1346; x_wconf 91' lang='lat' dir='ltr'>tellus</span> <span class='ocrx_word' id='word_1_150' title='bbox 285 1309 346 1347; x_wconf 88' lang='lat' dir='ltr'>habet</span> <span class='ocrx_word' id='word_1_151' title='bbox 358 1308 379 1346; x_wconf 91' lang='lat' dir='ltr'>in</span> <span class='ocrx_word' id='word_1_152' title='bbox 392 1321 413 1347; x_wconf 87' lang='lat' dir='ltr'>se</span> <span class='ocrx_word' id='word_1_153' title='bbox 426 1320 510 1358; x_wconf 86' lang='lat' dir='ltr'>corpora</span> <span class='ocrx_word' id='word_1_154' title='bbox 523 1307 596 1359; x_wconf 89' lang='lat' dir='ltr'>prima,</span> <span class='ocrx_word' id='word_1_155' title='bbox 623 1307 628 1313; x_wconf 72' lang='grc'><em>”</em></span> 
     </span>
     <span class='ocr_line' id='line_1_25' title="bbox 64 1359 598 1412; baseline 0.002 -13"><span class='ocrx_word' id='word_1_156' title='bbox 64 1361 120 1399; x_wconf 82' lang='lat' dir='ltr'>Unde</span> <span class='ocrx_word' id='word_1_157' title='bbox 129 1372 189 1400; x_wconf 83' lang='lat' dir='ltr'>more</span> <span class='ocrx_word' id='word_1_158' title='bbox 200 1359 318 1399; x_wconf 89' lang='lat' dir='ltr'>immensum</span> <span class='ocrx_word' id='word_1_159' title='bbox 330 1362 431 1400; x_wconf 83' lang='lat' dir='ltr'>volventes</span> <span class='ocrx_word' id='word_1_160' title='bbox 443 1361 521 1412; x_wconf 78' lang='lat' dir='ltr'>frigora</span> <span class='ocrx_word' id='word_1_161' title='bbox 533 1362 598 1400; x_wconf 87' lang='lat' dir='ltr'>fontes</span> 
     </span>
     <span class='ocr_line' id='line_1_26' title="bbox 65 1412 648 1464; baseline -0.002 -11"><span class='ocrx_word' id='word_1_162' title='bbox 65 1412 147 1453; x_wconf 76' lang='lat' dir='ltr'>Assidue</span> <span class='ocrx_word' id='word_1_163' title='bbox 159 1415 261 1460; x_wconf 68' lang='lat' dir='ltr'>renotent3</span> <span class='ocrx_word' id='word_1_164' title='bbox 280 1413 350 1460; x_wconf 86' lang='lat' dir='ltr'>babet,</span> <span class='ocrx_word' id='word_1_165' title='bbox 363 1412 420 1464; x_wconf 83' lang='lat' dir='ltr'>ignes</span> <span class='ocrx_word' id='word_1_166' title='bbox 432 1414 484 1452; x_wconf 87' lang='lat' dir='ltr'>unde</span> <span class='ocrx_word' id='word_1_167' title='bbox 497 1412 592 1452; x_wconf 86' lang='lat' dir='ltr'>oriantur.</span> <span class='ocrx_word' id='word_1_168' title='bbox 646 1439 648 1441; x_wconf 85' lang='lat'>·</span> 
     </span>
     <span class='ocr_line' id='line_1_27' title="bbox 65 1465 587 1514; baseline 0.002 -9"><span class='ocrx_word' id='word_1_169' title='bbox 65 1466 116 1506; x_wconf 82' lang='lat' dir='ltr'>Nam</span> <span class='ocrx_word' id='word_1_170' title='bbox 128 1465 197 1504; x_wconf 83' lang='lat' dir='ltr'>multis</span> <span class='ocrx_word' id='word_1_171' title='bbox 209 1478 301 1504; x_wconf 82' lang='lat' dir='ltr'>succensa</span> <span class='ocrx_word' id='word_1_172' title='bbox 313 1465 367 1504; x_wconf 84' lang='lat' dir='ltr'>loeis</span> <span class='ocrx_word' id='word_1_173' title='bbox 375 1467 444 1505; x_wconf 81' lang='lat' dir='ltr'>ardent</span> <span class='ocrx_word' id='word_1_174' title='bbox 455 1467 498 1505; x_wconf 85' lang='lat' dir='ltr'>sola</span> <span class='ocrx_word' id='word_1_175' title='bbox 510 1468 587 1514; x_wconf 54' lang='lat' dir='ltr'>terram</span> 
     </span>
     <span class='ocr_line' id='line_1_28' title="bbox 63 1517 550 1568; baseline 0.002 -12"><span class='ocrx_word' id='word_1_176' title='bbox 63 1517 148 1557; x_wconf 75' lang='lat' dir='ltr'>Eximiis</span> <span class='ocrx_word' id='word_1_177' title='bbox 160 1530 207 1556; x_wconf 89' lang='lat' dir='ltr'>vero</span> <span class='ocrx_word' id='word_1_178' title='bbox 221 1517 270 1556; x_wconf 77' lang='lat' dir='ltr'>furit</span> <span class='ocrx_word' id='word_1_179' title='bbox 282 1518 361 1568; x_wconf 85' lang='lat' dir='ltr'>ignibus</span> <span class='ocrx_word' id='word_1_180' title='bbox 373 1518 458 1568; x_wconf 90' lang='lat' dir='ltr'>impetus</span> <span class='ocrx_word' id='word_1_181' title='bbox 469 1519 550 1557; x_wconf 80' lang='lat' dir='ltr'>aetnae.</span> 
     </span>
     <span class='ocr_line' id='line_1_29' title="bbox 64 1569 552 1620; baseline 0.004 -12"><span class='ocrx_word' id='word_1_182' title='bbox 64 1571 118 1608; x_wconf 83' lang='lat' dir='ltr'>Tum</span> <span class='ocrx_word' id='word_1_183' title='bbox 131 1581 190 1619; x_wconf 90' lang='lat' dir='ltr'>porro</span> <span class='ocrx_word' id='word_1_184' title='bbox 202 1569 273 1608; x_wconf 88' lang='lat' dir='ltr'>nitidas</span> <span class='ocrx_word' id='word_1_185' title='bbox 285 1571 355 1620; x_wconf 85' lang='lat' dir='ltr'>fruges</span> <span class='ocrx_word' id='word_1_186' title='bbox 368 1572 487 1620; x_wconf 84' lang='lat' dir='ltr'>arbustaque</span> <span class='ocrx_word' id='word_1_187' title='bbox 498 1571 552 1610; x_wconf 84' lang='lat' dir='ltr'>laeta</span> 
     </span>
     <span class='ocr_line' id='line_1_30' title="bbox 64 1621 605 1673; baseline 0.006 -13"><span class='ocrx_word' id='word_1_188' title='bbox 64 1622 160 1661; x_wconf 83' lang='lat' dir='ltr'>Gentibus</span> <span class='ocrx_word' id='word_1_189' title='bbox 172 1621 276 1660; x_wconf 88' lang='lat' dir='ltr'>humaneis</span> <span class='ocrx_word' id='word_1_190' title='bbox 288 1623 349 1661; x_wconf 88' lang='lat' dir='ltr'>habet</span> <span class='ocrx_word' id='word_1_191' title='bbox 360 1623 413 1662; x_wconf 88' lang='lat' dir='ltr'>unde</span> <span class='ocrx_word' id='word_1_192' title='bbox 425 1625 518 1662; x_wconf 81' lang='lat' dir='ltr'>extollere</span> <span class='ocrx_word' id='word_1_193' title='bbox 532 1622 605 1673; x_wconf 61' lang='lat' dir='ltr'>possm</span> 
     </span>
     <span class='ocr_line' id='line_1_31' title="bbox 63 1673 564 1726; baseline 0.006 -14"><span class='ocrx_word' id='word_1_194' title='bbox 63 1675 120 1713; x_wconf 82' lang='lat' dir='ltr'>Unde</span> <span class='ocrx_word' id='word_1_195' title='bbox 133 1673 194 1713; x_wconf 85' lang='lat' dir='ltr'>etiam</span> <span class='ocrx_word' id='word_1_196' title='bbox 207 1674 278 1713; x_wconf 87' lang='lat' dir='ltr'>fluidas</span> <span class='ocrx_word' id='word_1_197' title='bbox 290 1675 383 1714; x_wconf 80' lang='lat' dir='ltr'>frondeis.</span> <span class='ocrx_word' id='word_1_198' title='bbox 391 1680 410 1714; x_wconf 90' lang='lat' dir='ltr'>et</span> <span class='ocrx_word' id='word_1_199' title='bbox 422 1677 496 1726; x_wconf 89' lang='lat' dir='ltr'>pabula</span> <span class='ocrx_word' id='word_1_200' title='bbox 509 1677 564 1715; x_wconf 87' lang='lat' dir='ltr'>laeta</span> 
     </span>
     <span class='ocr_line' id='line_1_32' title="bbox 63 1726 551 1777; baseline -0.002 -10"><span class='ocrx_word' id='word_1_201' title='bbox 63 1727 180 1777; x_wconf 78' lang='lat' dir='ltr'>illontivago</span> <span class='ocrx_word' id='word_1_202' title='bbox 193 1726 261 1777; x_wconf 83' lang='lat' dir='ltr'>generi</span> <span class='ocrx_word' id='word_1_203' title='bbox 273 1727 334 1777; x_wconf 88' lang='lat' dir='ltr'>possit</span> <span class='ocrx_word' id='word_1_204' title='bbox 346 1730 440 1777; x_wconf 88' lang='lat' dir='ltr'>praebere</span> <span class='ocrx_word' id='word_1_205' title='bbox 452 1729 551 1767; x_wconf 78' lang='lat' dir='ltr'>ferarum:</span> 
     </span>
     <span class='ocr_line' id='line_1_33' title="bbox 64 1780 600 1829; baseline 0 -11"><span class='ocrx_word' id='word_1_206' title='bbox 64 1780 131 1827; x_wconf 81' lang='lat' dir='ltr'>Quare</span> <span class='ocrx_word' id='word_1_207' title='bbox 142 1791 216 1829; x_wconf 86' lang='lat' dir='ltr'>magua</span> <span class='ocrx_word' id='word_1_208' title='bbox 229 1781 288 1817; x_wconf 78' lang='lat' dir='ltr'>deum</span> <span class='ocrx_word' id='word_1_209' title='bbox 300 1783 374 1828; x_wconf 87' lang='lat' dir='ltr'>mater,</span> <span class='ocrx_word' id='word_1_210' title='bbox 389 1786 490 1829; x_wconf 83' lang='lat' dir='ltr'>materque</span> <span class='ocrx_word' id='word_1_211' title='bbox 503 1781 600 1827; x_wconf 78' lang='lat' dir='ltr'>ferarum,</span> 
     </span>
     <span class='ocr_line' id='line_1_34' title="bbox 64 1831 594 1882; baseline 0.002 -13"><span class='ocrx_word' id='word_1_212' title='bbox 64 1832 91 1870; x_wconf 85' lang='lat' dir='ltr'>ut</span> <span class='ocrx_word' id='word_1_213' title='bbox 103 1831 164 1869; x_wconf 83' lang='lat' dir='ltr'>nostri</span> <span class='ocrx_word' id='word_1_214' title='bbox 177 1831 267 1882; x_wconf 79' lang='lat' dir='ltr'>genetrix</span> <span class='ocrx_word' id='word_1_215' title='bbox 279 1832 329 1869; x_wconf 88' lang='lat' dir='ltr'>haec</span> <span class='ocrx_word' id='word_1_216' title='bbox 342 1832 394 1871; x_wconf 87' lang='lat' dir='ltr'>dicta</span> <span class='ocrx_word' id='word_1_217' title='bbox 406 1837 435 1871; x_wconf 87' lang='lat' dir='ltr'>est</span> <span class='ocrx_word' id='word_1_218' title='bbox 448 1834 535 1881; x_wconf 88' lang='lat' dir='ltr'>corporis</span> <span class='ocrx_word' id='word_1_219' title='bbox 547 1845 594 1870; x_wconf 81' lang='lat' dir='ltr'>una.</span> 
     </span>
     <span class='ocr_line' id='line_1_35' title="bbox 90 1884 593 1934; baseline 0.004 -13"><span class='ocrx_word' id='word_1_220' title='bbox 90 1884 148 1921; x_wconf 86' lang='lat' dir='ltr'>Hane</span> <span class='ocrx_word' id='word_1_221' title='bbox 160 1888 236 1923; x_wconf 77' lang='lat' dir='ltr'>veteres</span> <span class='ocrx_word' id='word_1_222' title='bbox 249 1884 333 1922; x_wconf 84' lang='lat' dir='ltr'>Graiiim</span> <span class='ocrx_word' id='word_1_223' title='bbox 346 1885 409 1923; x_wconf 88' lang='lat' dir='ltr'>doctei</span> <span class='ocrx_word' id='word_1_224' title='bbox 423 1884 510 1923; x_wconf 88' lang='lat' dir='ltr'>cecinere</span> <span class='ocrx_word' id='word_1_225' title='bbox 521 1886 593 1934; x_wconf 75' lang='lat' dir='ltr'>poetae</span> 
     </span>
     <span class='ocr_line' id='line_1_36' title="bbox 65 1934 524 1988; baseline 0.002 -15"><span class='ocrx_word' id='word_1_226' title='bbox 65 1934 149 1974; x_wconf 87' lang='lat' dir='ltr'>Sedibus</span> <span class='ocrx_word' id='word_1_227' title='bbox 162 1936 183 1974; x_wconf 90' lang='lat' dir='ltr'>in</span> <span class='ocrx_word' id='word_1_228' title='bbox 196 1949 255 1974; x_wconf 91' lang='lat' dir='ltr'>curru</span> <span class='ocrx_word' id='word_1_229' title='bbox 268 1936 346 1986; x_wconf 88' lang='lat' dir='ltr'>biiugos</span> <span class='ocrx_word' id='word_1_230' title='bbox 359 1938 436 1988; x_wconf 86' lang='lat' dir='ltr'>agitare</span> <span class='ocrx_word' id='word_1_231' title='bbox 447 1937 524 1984; x_wconf 76' lang='lat' dir='ltr'>leones3</span> 
     </span>
     <span class='ocr_line' id='line_1_37' title="bbox 64 1986 534 2039; baseline 0.004 -15"><span class='ocrx_word' id='word_1_232' title='bbox 64 1986 120 2025; x_wconf 74' lang='lat' dir='ltr'>Aeris</span> <span class='ocrx_word' id='word_1_233' title='bbox 133 1987 156 2025; x_wconf 90' lang='lat' dir='ltr'>iu</span> <span class='ocrx_word' id='word_1_234' title='bbox 166 1988 229 2037; x_wconf 86' lang='lat' dir='ltr'>spatio</span> <span class='ocrx_word' id='word_1_235' title='bbox 242 2000 335 2039; x_wconf 86' lang='lat' dir='ltr'>magnam</span> <span class='ocrx_word' id='word_1_236' title='bbox 348 1990 431 2037; x_wconf 85' lang='lat' dir='ltr'>pendere</span> <span class='ocrx_word' id='word_1_237' title='bbox 443 1989 534 2027; x_wconf 88' lang='lat' dir='ltr'>docentes</span> 
     </span>
     <span class='ocr_line' id='line_1_38' title="bbox 65 2038 595 2089; baseline 0.008 -14"><span class='ocrx_word' id='word_1_238' title='bbox 65 2038 179 2087; x_wconf 80' lang='lat' dir='ltr'>Tellurem,</span> <span class='ocrx_word' id='word_1_239' title='bbox 192 2053 255 2089; x_wconf 88' lang='lat' dir='ltr'>neque</span> <span class='ocrx_word' id='word_1_240' title='bbox 267 2041 356 2089; x_wconf 86' lang='lat' dir='ltr'>posse-in</span> <span class='ocrx_word' id='word_1_241' title='bbox 369 2045 422 2080; x_wconf 85' lang='lat' dir='ltr'>terra</span> <span class='ocrx_word' id='word_1_242' title='bbox 434 2041 503 2079; x_wconf 87' lang='lat' dir='ltr'>sistere</span> <span class='ocrx_word' id='word_1_243' title='bbox 515 2046 595 2079; x_wconf 72' lang='lat' dir='ltr'>terram·</span> 
     </span>
     <span class='ocr_line' id='line_1_39' title="bbox 48 2089 594 2142; baseline 0.011 -16"><span class='ocrx_word' id='word_1_244' title='bbox 48 2092 49 2096; x_wconf 76' lang='grc'>’</span> <span class='ocrx_word' id='word_1_245' title='bbox 65 2089 175 2129; x_wconf 68' lang='lat' dir='ltr'>Arlinnxere</span> <span class='ocrx_word' id='word_1_246' title='bbox 187 2093 251 2138; x_wconf 81' lang='lat' dir='ltr'>feras3</span> <span class='ocrx_word' id='word_1_247' title='bbox 265 2092 328 2141; x_wconf 82' lang='lat' dir='ltr'>quod,</span> <span class='ocrx_word' id='word_1_248' title='bbox 342 2095 432 2142; x_wconf 78' lang='lat' dir='ltr'>quamvis</span> <span class='ocrx_word' id='word_1_249' title='bbox 445 2094 517 2141; x_wconf 87' lang='lat' dir='ltr'>effera,</span> <span class='ocrx_word' id='word_1_250' title='bbox 529 2094 594 2142; x_wconf 88' lang='lat' dir='ltr'>proles</span> 
     </span>
     <span class='ocr_line' id='line_1_40' title="bbox 65 2140 489 2195; baseline 0.007 -16"><span class='ocrx_word' id='word_1_251' title='bbox 65 2140 141 2180; x_wconf 79' lang='lat' dir='ltr'>Officiis</span> <span class='ocrx_word' id='word_1_252' title='bbox 154 2144 211 2183; x_wconf 89' lang='lat' dir='ltr'>debet</span> <span class='ocrx_word' id='word_1_253' title='bbox 222 2144 297 2182; x_wconf 88' lang='lat' dir='ltr'>molliri</span> <span class='ocrx_word' id='word_1_254' title='bbox 308 2144 363 2183; x_wconf 79' lang='lat' dir='ltr'>victo</span> <span class='ocrx_word' id='word_1_255' title='bbox 374 2149 489 2195; x_wconf 87' lang='lat' dir='ltr'>pareutum:</span> 
     </span>
     <span class='ocr_line' id='line_1_41' title="bbox 65 2192 549 2245; baseline 0.012 -16"><span class='ocrx_word' id='word_1_256' title='bbox 65 2192 177 2244; x_wconf 84' lang='lat' dir='ltr'>Muralique</span> <span class='ocrx_word' id='word_1_257' title='bbox 191 2200 250 2245; x_wconf 88' lang='lat' dir='ltr'>caput</span> <span class='ocrx_word' id='word_1_258' title='bbox 263 2209 361 2234; x_wconf 90' lang='lat' dir='ltr'>summum</span> <span class='ocrx_word' id='word_1_259' title='bbox 375 2198 453 2235; x_wconf 79' lang='lat' dir='ltr'>cinxere</span> <span class='ocrx_word' id='word_1_260' title='bbox 465 2209 549 2243; x_wconf 80' lang='lat' dir='ltr'>corona3</span> 
     </span>
     <span class='ocr_line' id='line_1_42' title="bbox 65 2244 543 2299; baseline 0.015 -18"><span class='ocrx_word' id='word_1_261' title='bbox 65 2244 147 2299; x_wconf 69' lang='lat' dir='ltr'>Euimiis</span> <span class='ocrx_word' id='word_1_262' title='bbox 159 2249 235 2287; x_wconf 90' lang='lat' dir='ltr'>munita</span> <span class='ocrx_word' id='word_1_263' title='bbox 247 2248 296 2286; x_wconf 91' lang='lat' dir='ltr'>locis</span> <span class='ocrx_word' id='word_1_264' title='bbox 309 2249 361 2298; x_wconf 89' lang='lat' dir='ltr'>quod</span> <span class='ocrx_word' id='word_1_265' title='bbox 373 2250 455 2288; x_wconf 87' lang='lat' dir='ltr'>sustinet</span> <span class='ocrx_word' id='word_1_266' title='bbox 467 2249 543 2288; x_wconf 85' lang='lat' dir='ltr'>urbeis:</span> 
     </span>
     <span class='ocr_line' id='line_1_43' title="bbox 65 2296 581 2352; baseline 0.016 -19"><span class='ocrx_word' id='word_1_267' title='bbox 65 2296 110 2342; x_wconf 76' lang='lat' dir='ltr'>Quo</span> <span class='ocrx_word' id='word_1_268' title='bbox 123 2310 174 2336; x_wconf 90' lang='lat' dir='ltr'>nunc</span> <span class='ocrx_word' id='word_1_269' title='bbox 187 2299 260 2351; x_wconf 87' lang='lat' dir='ltr'>insigni</span> <span class='ocrx_word' id='word_1_270' title='bbox 274 2314 309 2350; x_wconf 91' lang='lat' dir='ltr'>per</span> <span class='ocrx_word' id='word_1_271' title='bbox 321 2313 404 2350; x_wconf 84' lang='lat' dir='ltr'>magnas</span> <span class='ocrx_word' id='word_1_272' title='bbox 415 2301 505 2352; x_wconf 88' lang='lat' dir='ltr'>praedita</span> <span class='ocrx_word' id='word_1_273' title='bbox 517 2306 581 2341; x_wconf 83' lang='lat' dir='ltr'>terras</span> 
     </span>
     <span class='ocr_line' id='line_1_44' title="bbox 65 2346 517 2404; baseline 0.022 -21"><span class='ocrx_word' id='word_1_274' title='bbox 65 2346 164 2387; x_wconf 85' lang='lat' dir='ltr'>Horrilice</span> <span class='ocrx_word' id='word_1_275' title='bbox 176 2352 239 2390; x_wconf 83' lang='lat' dir='ltr'>fertur</span> <span class='ocrx_word' id='word_1_276' title='bbox 252 2352 333 2391; x_wconf 84' lang='lat' dir='ltr'>divinae</span> <span class='ocrx_word' id='word_1_277' title='bbox 345 2354 415 2393; x_wconf 81' lang='lat' dir='ltr'>Matris</span> <span class='ocrx_word' id='word_1_278' title='bbox 427 2354 501 2404; x_wconf 83' lang='lat' dir='ltr'>imago.</span> <span class='ocrx_word' id='word_1_279' title='bbox 515 2360 517 2363; x_wconf 82' lang='grc'>’</span> 
     </span>
     <span class='ocr_line' id='line_1_45' title="bbox 63 2399 559 2455; baseline 0.024 -21"><span class='ocrx_word' id='word_1_280' title='bbox 63 2399 205 2440; x_wconf 76' lang='lat' dir='ltr'>lIancrariae</span> <span class='ocrx_word' id='word_1_281' title='bbox 217 2409 284 2453; x_wconf 89' lang='lat' dir='ltr'>gentes</span> <span class='ocrx_word' id='word_1_282' title='bbox 297 2406 377 2455; x_wconf 86' lang='lat' dir='ltr'>antiquo</span> <span class='ocrx_word' id='word_1_283' title='bbox 390 2420 445 2445; x_wconf 89' lang='lat' dir='ltr'>more</span> <span class='ocrx_word' id='word_1_284' title='bbox 458 2418 559 2446; x_wconf 80' lang='lat' dir='ltr'>sacrorum</span> 
     </span>
     <span class='ocr_line' id='line_1_46' title="bbox 65 2449 607 2511; baseline 0.02 -24"><span class='ocrx_word' id='word_1_285' title='bbox 65 2449 145 2490; x_wconf 85' lang='lat' dir='ltr'>Idaeam</span> <span class='ocrx_word' id='word_1_286' title='bbox 157 2454 244 2496; x_wconf 85' lang='lat' dir='ltr'>vocitant</span> <span class='ocrx_word' id='word_1_287' title='bbox 256 2461 352 2507; x_wconf 85' lang='lat' dir='ltr'>matrem,</span> <span class='ocrx_word' id='word_1_288' title='bbox 366 2459 504 2511; x_wconf 81' lang='lat' dir='ltr'>Phrygiasque</span> <span class='ocrx_word' id='word_1_289' title='bbox 517 2464 607 2499; x_wconf 76' lang='lat' dir='ltr'>catervas</span> 
     </span>
    </p>
   </div>
   <div class='ocr_carea' id='block_1_5' title="bbox 0 0 855 2654">
    <p class='ocr_par' dir='ltr' id='par_1_8' title="bbox 0 0 855 2654">
     <span class='ocr_line' id='line_1_47' title="bbox 0 0 855 2654; baseline 0 0"><span class='ocrx_word' id='word_1_290' title='bbox 0 0 855 2654; x_wconf 95' lang='lat' dir='ltr'> </span> 
     </span>
    </p>
   </div>
  </div>
 </body>
</html>
