1690 2654
42 32 113 85 ,1111
167 10 169 12 ’
229 33 296 103 suu
312 7 435 76 uennu
449 32 590 96 urucas

128 140 234 193 impellant
245 144 268 182 ut
277 153 321 182 eam
331 143 435 196 Magnesia
443 143 528 184 flumina
537 142 587 184 saxi.

154 194 196 234 Nec
205 197 272 233 tamen
282 196 332 236 haec
341 197 371 235 ita
379 199 425 236 sunt
436 196 522 237 aliarum
530 209 596 235 rernm
607 196 679 246 aliena,

63 244 117 290 1005
130 247 159 286 Ut
166 246 219 286 mihi
229 247 293 287 multa
305 259 377 299 parum·
386 261 460 300 genere
468 261 492 288 ex
502 250 542 288 hoc
552 248 706 299 suppeditentur,

128 298 306 349 Quae'memorare
316 313 389 349 queam
397 300 449 340 inter
457 313 478 340 se
489 300 608 352 sing'lasiter
618 304 670 352 apta.
732 325 735 330 ·
746 321 747 324 ¹

153 350 208 390 Saxa
217 351 272 390 vides
281 351 368 401 primum
378 353 421 392 sola
432 353 615 393 coalescere-calce:

128 401 211 442 Glutine
220 404 312 456 materies
323 404 400 445 taurino
410 405 499 457 iungitur
508 417 555 454 una,
629 444 633 449 ,
708 408 711 412 ⁴

128 454 156 494 Ut
166 454 218 495 vitiu
226 467 289 495 venae
298 457 412 497 tabularum
419 457 497 508 saepius
506 457 591 505 hiscant,
603 478 606 481 >

4 524 7 527 ⁴
62 504 116 550 luto
128 506 351 557 Quamlauarcqneant
364 517 469 560 compages
480 512 549 548 taurea
557 509 635 549 nncia-

87 569 102 585 ··
155 558 257 609 Vitigenei
268 559 338 598 latices
346 559 368 598 in
377 563 436 610 aquai
445 560 531 600 fontibus
540 561 613 611 audent

127 609 215 657 Misceri,
228 623 289 660 quom
300 611 335 661 pix
346 615 429 661 nequeat
441 612 509 662 gravis
518 615 538 650 et
547 613 592 650 leve
601 610 684 654 olivum.

144 662 306 711 ,Purpureusque
314 663 368 702 colos
378 663 470 713 conchyli
475 662 565 712 iungitur
572 675 617 701 uuo<
634 707 636 710 ¹
651 662 654 667 “

129 712 217 762 Corpore
233 713 353 760 cum'lunaa
366 711 433 751 dirimi
441 713 476 762 qui
485 726 524 752 non
537 718 597 762 queat
605 717 702 764 usquam}
717 756 719 760 ,

62 761 117 805 1⁰75
127 763 181 811 Nom
192 763 209 802 'si
218 762 303 814 Neptuni
315 764 379 803 fluctu
387 777 483 806 renouare
492 772 573 815 operam
584 765 648 813 dess-

127 815 178 864 Non,
191 827 248 854 mare
258 815 276 854 si
284 818 349 855 totum
359 816 408 855 velit
417 817 482 856 eluere
491 816 583 856 onmibus
590 816 666 860 undis.''

152 866 243 917 Denique
252 879 284 906 res
293 879 343 907 auro
353 880 425 907 annum
434 869 551 918 concopulat
559 880 606 916 nna,
620 883 628 903 s
640 888 642 891 ·
711 906 713 908 ,

127 917 213 969 lienique
223 931 257 958 aes
265 919 347 969 plumbo
354 920 377 959 fit
386 920 417 958 uti
429 920 524 972 iungatur
532 921 557 959 ab
570 921 623 960 albo.

155 971 226 1009 Cetera
233 969 275 1009 iam
283 983 343 1020 quam
352 972 415 1011 multa
422 972 470 1011 licet
477 972 577 1021 reperire?
593 970 647 1022 Quid
653 969 720 1023 engo?

62 1017 116 1063 1080
128 1020 170 1061 Nec
179 1022 217 1061 tibi
226 1024 268 1061 tam
275 1023 341 1073 longis
348 1035 397 1072 opus
407 1026 437 1062 est
445 1023 564 1075 ambagibus
574 1023 666 1074 nsquam3
786 1029 788 1032 ’

127 1074 169 1114 Nec
181 1086 215 1112 me
226 1077 269 1112 tam
279 1075 364 1113 multam
372 1075 407 1113 hic
415 1087 496 1125 operam
504 1087 618 1114 consumere
623 1082 665 1125 par
676 1076 718 1124 esu

127 1126 168 1166 Sed
175 1124 263 1164 breviter
273 1125 340 1175 paucis
351 1130 440 1175 praestat
450 1128 591 1176 comprendere
596 1127 671 1165 muita
714 1137 716 1143 ’

155 1178 246 1227 Quorum
255 1177 285 1215 ita
295 1180 383 1216 texturae
392 1177 503 1215 cecideruut
510 1181 580 1217 mutua
592 1180 666 1226 cenna,
691 1200 693 1203 -
709 1210 710 1214 ,

127 1229 156 1268 Ut
165 1240 215 1268 cava
223 1228 339 1267 conveniant
348 1228 424 1276 plenois
434 1229 484 1267 baec
495 1227 556 1275 illins,
570 1228 611 1268 olla
685 1237 686 1240 ’

61 1277 116 1321 1⁰85
127 1278 243 1329 Huiusque3
256 1279 309 1323 iuter
318 1291 339 1319 se
348 1279 440 1318 iunctura
448 1280 498 1332 baec
507 1283 588 1329 optuma
598 1281 689 1323 constat·
714 1290 721 1322 J
734 1305 736 1313 ι

126 1331 242 1380 asteriam,
254 1330 313 1382 quasi
322 1331 434 1370 ntanncllis
443 1331 547 1381 hamisque
556 1330 639 1385 plicata
686 1369 688 1372 ,

125 1384 179 1432 Inter·
192 1384 322 1433 sc-qnacdam
333 1383 407 1432 possint
419 1383 585 1433 cop'latatenerir
623 1422 625 1428 y
690 1409 713 1426 „-

127 1435 260 1487 Quod-magis
269 1435 290 1473 iu
300 1435 366 1484 lapide
377 1436 416 1473 hoc
425 1434 470 1473 ficri
480 1435 573 1485 ferroque
583 1433 667 1476 ridetur.
764 1448 766 1451 ¹
788 1450 791 1458 ·

124 1487 126 1490 ’
152 1487 215 1535 Nunc,
227 1486 280 1526 ratio
288 1490 340 1536 quae
352 1487 377 1527 sit
385 1487 477 1535 morbeis,
491 1490 532 1535 aut,
544 1486 598 1525 unde
606 1488 686 1537 repente

61 1537 114 1581 1000
126 1538 253 1583 Mortiferam
263 1539 325 1589 possit
333 1540 411 1578 cladem
421 1540 507 1584 conflare
519 1542 587 1577 coorta
615 1573 617 1576 ,

126 1592 221 1631 Morbida
230 1584 261 1629 'vis
268 1591 372 1629 hominum
383 1591 453 1641 >generi
461 1591 597 1643 pecudumque
607 1588 709 1639 catervcis,

125 1642 251 1691 Expediam.ss
256 1642 353 1689 Primum,
365 1643 474 1680 multarum
485 1641 642 1680 seminatorum
707 1661 709 1664 f

125 1694 175 1732 Esse
184 1704 245 1742 supra
254 1692 319 1740 docui,
334 1705 385 1742 quae
393 1693 431 1731 sint
439 1692 510 1730 vitalia
521 1692 588 1738 nobis;
630 1705 632 1708 ’

1 1785 6 1792 ,,
127 1745 154 1784 Ε1
163 1748 237 1791 contra,
251 1757 302 1793 quae
311 1744 350 1784 sint
358 1745 428 1783 morbo
436 1744 540 1793 mortique,
553 1755 631 1782 necesse
641 1744 671 1785 est

61 1792 115 1839 1⁰95
127 1796 194 1847 Multa
202 1797 282 1845 notare:
296 1810 321 1836 ea
330 1809 390 1845 quom
401 1809 448 1835 casu
456 1800 501 1834 sunt
510 1796 562 1834 forte
569 1799 647 1844 coorta,
717 1838 719 1845 Α

127 1848 154 1888 Et
164 1846 304 1898 perturbarunt
312 1848 396 1896 coelumq
409 1848 432 1886 fit
441 1846 542 1886 morbidus
552 1848 593 1886 adr.
630 1864 631 1868 =
679 1896 681 1899 v

126 1900 191 1949 Atque
203 1911 228 1938 ea
239 1899 270 1938 vis
281 1900 344 1939 omnis
353 1900 470 1938 morborum
481 1898 617 1949 pestilitasque

112 1998 114 2001 Ι
124 1952 166 1990 Ant
174 1951 300 1999 extrinsecus,
312 1956 335 1991 ut
345 1952 406 1990 nubes
416 1950 539 1999 nebulaeque
547 1961 631 1998 superne

102 2045 105 2048 ,
125 2003 168 2046 Per
177 2003 255 2042 eoelum
267 2003 355 2051 veniunt,
369 2008 404 2043 aut
416 2003 460 2052 ipsa
471 2015 530 2051 saepe
543 2004 628 2040 coorta.
651 2022 656 2026 -
712 2044 715 2047 ,

62 2052 116 2093 1100
127 2055 158 2093 De
167 2057 222 2093 terra
232 2059 321 2106 surgunt,
335 2055 370 2094 uhi
379 2058 469 2105 putorem
481 2053 565 2092 humida
576 2054 634 2093 nacta
645 2054 680 2102 est,

127 2105 270 2155 intempestivis
281 2107 394 2157 pluviisque
403 2110 422 2144 ct
437 2106 511 2145 solibus
519 2104 565 2144 icta.
700 2147 702 2150 ,

153 2157 222 2197 Nonne
230 2158 286 2197 vides
294 2160 361 2206 etiam,
374 2158 426 2196 coeli
434 2157 525 2196 novitate
535 2160 554 2195 ct
562 2169 661 2207 aquarum
712 2177 713 2180 ¹

126 2208 215 2257 Teutam,
228 2211 296 2259 procul
307 2223 321 2250 a
329 2210 395 2261 patria
406 2209 552 2260 queiquomque
560 2209 657 2259 domoque

129 2260 256 2299 Adveniunt?
267 2261 312 2300 ideo
322 2262 370 2312 quia
378 2263 438 2313 longe
444 2260 569 2311 discrepitant
577 2274 614 2300 res.
714 2262 716 2266 ’

60 2309 113 2353 1105
126 2310 179 2351 Nam
188 2312 235 2360 quid
245 2313 357 2352 Britanneis
368 2314 446 2352 coelum
457 2313 539 2350 differre
551 2317 649 2362 putamus
711 2329 714 2332 ’

124 2364 151 2410 Et
159 2362 212 2412 qnod
221 2362 243 2401 iu
253 2364 344 2415 Aegypto
355 2368 389 2415 cst,
401 2362 519 2414 quamundi
528 2364 627 2410 claudicat
635 2362 693 2410 axis?

124 2415 210 2467 Qudne,
224 2415 309 2466 quadiu
321 2417 384 2459 Ponto
396 2419 432 2467 est,
445 2415 532 2466 differre,
545 2419 565 2458 et
576 2414 672 2464 Gadibus,
685 2417 744 2467 utque
