1690 2654
187 76 247 135 vAD
264 75 401 117 LIBRUM
420 75 586 127 Quiritum.
713 72 760 119 399

91 185 123 225 65.
150 185 263 235 ennelino]
278 186 396 223 Pronomen
410 202 451 234 me,
466 185 535 237 quod,
549 184 607 223 libris
619 183 716 223 omnihus
727 182 758 220 iu·

37 234 96 282 vitis,
110 235 165 288 vulg.
179 237 236 275 editt.
247 237 277 274 his
288 239 355 276 verbis
366 237 471 282 inserunt,
487 237 545 276 Wak.
557 236 737 287 primus-sustulit.

90 288 114 328 V.
125 290 149 328 68
161 302 186 326 ss.
213 289 273 328 Wak.
286 289 582 341 comparatcuniVirg.Ae11·
596 292 622 330 VI
628 317 634 337 ,
646 288 703 334 724..
723 287 760 339 qui

38 346 133 378 nostrum
147 347 195 378 ante
206 341 277 379 oculos
289 341 393 380 hahuerit.

90 395 133 432 Vss.
140 393 172 433 72.
179 394 211 433 73.
225 393 342 431 afferuntur
352 407 364 431 a
373 392 441 431 Nonio
450 391 535 441 iulus.
548 392 685 445 —-'00eperitl
697 393 757 429 Poor.

38 443 87 483 Brit.
98 446 116 485 1.
129 448 235 497 Comperit.
248 467 274 473 -
287 447 354 496 vesci]
370 446 399 483 sic
409 444 475 495 Lugd.
487 447 505 484 1.
517 445 608 483 212001,
620 447 676 482 Cant.
688 450 708 481 et
716 445 759 481 No-

38 496 95 544 nius3
109 495 171 533 Bodt
187 495 248 535 Vind.
265 497 317 536 Brit.
331 498 349 538 3.
363 497 416 535 Brix.
431 496 477 533 ald.
489 498 508 535 1.
520 497 540 536 2.
556 498 607 533 Bon.
623 498 678 534 lunt.
696 498 759 541 nosci,

38 549 86 586 Ver.
103 548 153 585 ven.
168 551 235 594 nosti.
250 547 302 586 Brit.
314 552 333 590 1.
349 551 413 595 reati,
426 547 478 587 Erit.
488 549 507 588 9.
520 548 581 586 nesci.
610 575 623 596 ‚‚
633 551 691 587 Vesci
696 576 701 595 ⁷
715 547 728 584 i.
741 559 759 585 e.

38 599 119 647 vivere,
132 598 197 636 vitam
212 599 292 638 colere:
306 598 430 638 secundario
444 612 505 637 sensu
516 598 625 646 dictionis⁷
642 611 707 649 quum
717 598 760 636 vita

38 650 138 689 nimirum
150 650 200 688 cibis
212 651 318 689 vescendis
329 657 464 703 propagetur.
490 650 569 690 Videsis
587 650 681 688 Nonium
695 650 709 687 l.
724 651 760 690 c.“

38 705 86 743 Wa
92 706 111 742 lc.
139 702 227 740 Orellius
240 709 311 740 tamen
322 716 383 740 sensu
393 704 459 755 magis
470 703 556 753 proprio
569 703 688 754 intelligere
699 702 760 749 vide-

38 762 80 801 tur,
94 766 159 805 quum
169 761 278 804 comparet
289 756 309 791 G.
320 754 405 801 Rabirii,
419 763 443 792 ut
452 761 533 805 putant,
547 756 625 806 fragm.
635 754 692 805 apud
702 754 759 791 Orel-

38 806 91 844 lium
101 807 123 844 in
134 806 201 844 Praei.
212 806 239 844 ad
248 805 332 857 Epicuri
342 806 418 859 fragm.
431 819 451 858 p.
463 808 500 844 XI.
515 809 549 846 Sic
560 810 592 846 illi
602 812 656 847 incer
668 822 689 846 se
700 810 761 846 mise·

38 874 61 898 ro
73 873 162 898 sermone
168 859 276 910 fruuntur.

90 912 122 950 79.
147 910 209 961 liaeo]
224 911 253 947 ita
269 908 335 960 Lnga.
348 909 366 948 1.
379 911 470 949 2..Poor.
484 910 557 957 eant,
573 921 626 960 quos
637 909 687 947 Hav.
700 908 761 946 Wak.

38 961 114 1000 Eichst.
132 961 196 999 Orell.
213 967 338 1013 sequuntur3
353 961 414 1000 Bodl.
428 961 472 1002 ald.
483 963 501 1002 l.
514 963 533 1001 2.
550 964 600 999 Bon.
612 964 667 1000 lunt.
679 963 724 1009 tic,
738 965 762 997 ut

39 1013 101 1064 vulgo
115 1013 196 1060 editum
209 1013 285 1064 reliqui
298 1025 370 1051 omnes
382 1016 425 1052 hoc.

91 1067 122 1105 80.
150 1067 239 1112 Libero]
254 1065 315 1103 Vind.
331 1066 417 1113 Libere,
431 1065 492 1106 Poor.
506 1064 556 1103 Brit.
569 1066 587 1104 1.
601 1064 656 1104 Brix.
668 1069 760 1107 Liinam5

38 1116 129 1154 librariis
144 1117 201 1154 haud
217 1117 279 1155 dubie
290 1117 311 1153 in
325 1123 394 1154 metro
405 1115 570 1164 offendentibus,
585 1130 650 1167 quum
663 1117 762 1154 ultimam

38 1168 95 1206 vocis
111 1167 213 1217 syllabam
231 1176 279 1206 ante
296 1181 396 1206 consonas
415 1183 438 1219 sp
456 1181 499 1205 non
516 1169 642 1219 productam
657 1168 761 1206 viderent.

38 1219 80 1257 Sed
96 1220 152 1258 conf.
167 1233 229 1270 supra
240 1234 260 1259 v.
272 1218 304 1260 48.
322 1226 343 1258 et
354 1220 410 1258 infra
420 1222 454 1267 Vl,
465 1222 524 1260 1187.
540 1227 602 1272 atque
620 1221 646 1258 de
665 1221 721 1258 omni
739 1231 762 1257 re

39 1271 135 1310 Schneid.
151 1273 185 1310 Gr.
200 1275 244 1324 Lat.
259 1274 275 1313 I.
290 1286 310 1323 p.
323 1272 362 1313 694
373 1286 411 1319 ss.,
427 1271 462 1323 qni
477 1285 496 1320 p.
507 1273 546 1312 705
557 1286 584 1320 s.‚
600 1277 684 1322 praeter
697 1272 761 1309 modo

40 1325 120 1372 dictos,
134 1324 171 1361 hos
186 1325 248 1362 affert
262 1324 355 1363 Lucretii
369 1324 428 1362 locos
444 1329 515 1360 nostro
533 1324 662 1361 simillimos:
681 1326 696 1369 Ι,
715 1325 760 1363 373.

39 1377 75 1423 IV,
87 1375 131 1416 476.
142 1376 187 1417 774.
196 1377 243 1416 850.
258 1376 305 1425 (ubi
315 1388 361 1414 rem
370 1377 413 1414 iam
424 1374 552 1425 attigimus‚>
567 1376 601 1420 vl,
614 1376 657 1415 195.
671 1382 691 1412 et
701 1373 746 1414 ott.

93 1429 124 1468 83.
152 1429 209 1478 hene]
230 1427 274 1466 ald.
286 1430 304 1468 1.
327 1431 375 1465 Bon.
392 1429 452 1475 bone,
471 1426 523 1463 Brit.
536 1428 555 1466 3.
575 1428 621 1464 Ver.
637 1429 687 1466 ven.
704 1442 761 1472 uene,

40 1478 118 1519 urite.
136 1480 195 1517 Cant.
213 1496 238 1519 ne
253 1495 286 1527 ue,
301 1481 360 1518 Poor.
374 1479 426 1517 Brit.
440 1481 457 1519 1.
476 1494 521 1517 neu.
549 1478 653 1523 ConfiVI,
664 1480 710 1524 58„
724 1478 761 1515 uhi

40 1531 108 1568 nostri
116 1531 158 1568 loci
171 1545 202 1570 vv.
212 1533 236 1571 83
244 1533 303 1571 -91.
315 1531 342 1568 ad
353 1531 439 1567 verbum
451 1530 559 1569 iterantur.

93 1584 125 1623 86.
146 1584 225 1636 'capitol
240 1582 270 1621 sic
282 1582 341 1621 Wak.
353 1581 429 1620 Eichst.
441 1581 503 1622 Orell.
511 1593 559 1619 curn
565 1580 691 1621 mutuno.
699 1582 761 1619 Poor.

40 1632 90 1673 Brit.
103 1636 121 1673 1.
133 1636 152 1674 2.
164 1637 183 1675 3.
200 1635 258 1672 Cant.
273 1634 326 1672 Brix.
337 1634 385 1673 Ver.
396 1636 446 1674 ren.
459 1634 514 1674 lunt.
526 1632 572 1674 Ald.
584 1635 616 1682 23
632 1633 697 1671 ceteri
712 1632 762 1670 libri

41 1700 126 1738 supera,
140 1693 164 1724 ut
173 1686 243 1738 vulgo.
275 1697 277 1699 ’

11 1749 15 1751 “
93 1739 124 1777 88.
152 1741 265 1788 „dominor
279 1752 347 1777 acres:
364 1749 441 1787 nempe
457 1736 519 1783 deos,
539 1749 592 1788 quos
607 1738 636 1785 Π,
655 1737 711 1777 1091.
727 1739 762 1776 do-

42 1790 107 1828 minoc
114 1791 208 1842 superbos
218 1789 316 1839 appellat.
336 1787 369 1826 Sic
380 1789 454 1827 Cicero
468 1790 494 1827 N.
505 1790 527 1827 D.
537 1791 552 1836 Ι,
562 1791 595 1828 20.
609 1792 684 1840 Itaque
697 1792 763 1841 impo-

41 1843 113 1879 suistis
122 1843 233 1881 cervicibus
241 1844 317 1880 nostris
325 1843 467 1892 sempiternum
478 1843 580 1880 (lominum
593 1847 633 1879 etc.
642 1842 654 1862 “
673 1845 692 1879 L
698 1856 711 1878 α
718 1857 737 1879 m
743 1841 761 1878 b.

88 1890 124 1931 94·
153 1893 251 1943 Quorum]
274 1891 304 1930 sic
321 1892 394 1939 Wak.,
417 1905 480 1942 quem
499 1892 561 1932 Orell.
580 1891 686 1942 sequitur,
713 1903 762 1929 cum

42 1944 139 1981 omnihus
152 1944 223 1991 lihris3
242 1957 292 1982 nam
308 1944 367 1981 Bodl.
384 1950 405 1981 et
423 1943 483 1981 Vind.
500 1955 538 1993 per
557 1943 675 1981 socordiam
697 1943 761 1981 modo

43 1994 169 2033 collatorum
192 1996 273 2034 silentio
295 1994 434 2044 praetermitti
461 1994 565 2035 videntur.
600 1995 666 2032 Miror
691 1995 762 2046 igitur,

41 2045 205 2085 Eichstaedtium
220 2044 327 2100 vulgatam
339 2050 418 2087 Horum
429 2046 545 2085 retinuisse.
573 2045 762 2097 vid.ad11‚347.,

42 2097 99 2135 infra
110 2098 136 2134 ad
147 2101 170 2148 V,
182 2100 225 2139 135.
241 2106 281 2136 etc.
466 2129 469 2135 .

93 2152 116 2187 V.
126 2151 158 2189 95.
184 2151 256 2188 laudat
264 2148 342 2188 Nonius
350 2151 384 2197 ΙΙΙ,
394 2146 438 2188 243.
454 2150 486 2200 (p.
500 2151 544 2190 612.
557 2149 631 2198 Goth.)

20 2222 24 2227 ·
93 2202 125 2240 97.
153 2204 215 2242 moles
226 2215 246 2242 et
256 2204 350 2241 machina
359 2202 441 2252 mundi]
458 2202 536 2249 „Haec
546 2214 585 2251 per
596 2200 720 2250 liendyaden
731 2199 758 2237 di·

44 2255 78 2288 cta
95 2258 143 2289 sunt
156 2266 194 2303 pro
210 2256 271 2294 moles
288 2256 394 2292 machinae
411 2255 532 2291 mundanae.
564 2253 711 2290 Lucretianam
726 2259 760 2289 ta-

43 2313 91 2340 men
102 2304 231 2344 locutionem
242 2319 280 2356 pro
293 2317 353 2342 more
367 2304 469 2353 Arno-hius
482 2304 570 2354 arripuit
579 2307 595 2345 Ι.
606 2319 626 2355 p.
636 2307 674 2344 2⁴⁴
689 2306 759 2343 Wat‘.

44 2353 141 2393 Ceterum
151 2357 207 2395 hunc
218 2370 301 2401 versum
313 2357 364 2395 citat
375 2355 443 2395 Valer.
454 2357 535 2393 Probus
544 2359 559 2394 Ι.
568 2370 588 2407 p.
601 2356 658 2397 1394.
669 2358 691 2393 P.

94 2409 126 2446 99.
153 2409 255 2458 Accidat]
270 2408 352 2446 Retinui
363 2420 411 2445 cum
422 2407 497 2446 Eichst.
508 2415 529 2445 et
540 2408 602 2447 Orell.
612 2409 718 2458 vulgarem
729 2404 760 2441 le-

45 2454 142 2510 ctionem,
156 2472 219 2512 quam
230 2460 328 2499 meliores
337 2459 386 2497 libri
397 2465 424 2508 et,
439 2459 493 2512 quod
505 2461 621 2499 rectissime
632 2458 693 2497 Orell.
704 2468 761 2494 com·

544 2517 607 2557 niz
