1690 2654
233 155 274 196 AD
289 151 426 195 LIBRUM
439 149 584 191 PRIMUM.
722 148 770 196 185

54 265 138 318 ablegat
150 265 177 304 ad
185 267 243 307 Voss.
256 265 345 317 Etymol.
359 277 376 302 s.
393 276 413 301 v.
427 261 472 301 alis.
486 266 508 300 et
522 260 588 299 Bentl.
601 260 628 300 ad
637 262 685 303 Ter.
694 262 763 301 fleant

77 347 83 369 ⁷
104 347 148 410 2⁵66.
162 366 207 410 267.
233 367 317 407 Retinui
330 368 352 404 in
362 366 462 417 hocloco
477 377 527 404 eum
540 366 591 403 Han.
605 371 626 404 et
635 365 711 405 Eichst.
720 365 767 405 vul-

53 434 127 474 garem
133 422 253 470 lectionem,
267 432 330 470 quam
338 417 434 456 walleri
446 416 477 455 ed.
489 419 538 455 Bon.
553 416 693 456 sic‘mutavit:
706 421 767 458 Nunc

53 477 138 527 agesis,
152 476 247 525 qnoniam
260 492 286 498 -
298 490 324 498 -
336 473 408 521 genita
418 470 446 507 dd
454 470 541 507 nihilum
548 473 646 508 revocari.
659 471 684 506 Et
692 482 767 509 verum

53 525 137 576 quidem
149 530 186 571 est,
198 522 251 560 illud
260 525 289 562 eis
298 520 394 559 eithihere
402 532 474 558 omnes
479 518 544 558 Codd.
556 526 577 557 et
586 519 696 565 edittvettss
706 534 767 571 prae·

52 582 85 614 ter
96 576 162 626 Lugd.
173 576 191 613 1.
201 576 220 614 2.
232 581 253 612 et
264 576 325 611 Poor.
341 573 380 623 (2),
395 579 416 610 et
426 584 465 621 pro
477 575 572 624 quoniam
586 572 609 609 in
620 573 725 610 nonnullis
736 573 767 611 Pii

53 627 119 666 Codd.
134 634 155 664 et
168 625 218 664 Brit.
231 630 249 665 l,
264 625 307 676 legi
320 627 411 679 qnando,
425 624 445 661 in
458 625 519 663 Poor.
533 629 604 662 autem
617 627 726 676 quomodo;
745 632 767 663 at

51 677 100 717 loco
109 680 176 726 nihil,
191 690 203 715 a
213 677 248 715 Pio
260 684 281 715 et
290 677 352 718 Wak.
364 690 383 714 v.
392 678 437 716 266.
454 674 546 723 exhibiti,
560 688 632 714 omnes
643 675 693 714 libri
705 687 766 726 prae·

51 736 85 767 ter
97 730 154 767 editt.
164 729 208 766 Ald.
219 731 237 768 1.
246 730 265 769 2.
277 733 330 768 lunt.
344 729 445 778 praebent
460 743 511 774 non,
529 733 554 764 ut
571 728 633 765 etiam
647 730 730 780 genitos
743 727 766 766 in

52 782 148 819 omnihus
156 780 214 818 libris
225 786 318 830 apparet,
331 781 416 819 nihilum
427 791 476 816 vero
487 791 506 816 v.
516 780 562 820 267.
571 779 594 816 in
602 779 668 826 nullo,
681 785 766 828 praeter

52 833 101 872 edit.
116 836 178 880 Bon,
196 844 260 884 quare
272 831 332 870 Wak.
349 831 404 868 hanc
415 829 477 867 etiam
488 831 597 881 proposuit
609 827 770 869 coniecturam?

50 887 112 925 Nunc
122 881 216 942 agesis,
236 899 293 937 quom
305 900 337 922 res
347 885 366 921 d.
381 897 421 921 non
432 897 454 934 p·
466 898 481 920 c·
496 883 522 910 ἔ-
535 903 561 910 -
573 886 657 934 genitas
670 884 698 921 ad
712 884 767 922 nihil

50 951 92 981 reu.
117 936 216 972 Libenter
226 942 297 972 temen
312 941 332 971 et
342 934 382 971 hec
398 945 518 982 careamus,
539 946 603 984 quum
617 932 718 986 illudoge
727 937 763 983 sie,

51 985 108 1037 quod
118 986 176 1024 nullo
188 986 228 1024 alio
240 985 333 1024 Lucretii
343 985 393 1023 loco
403 992 519 1035 comparet,
531 984 632 1024 facillimo
642 984 728 1036 negotio
739 997 764 1024 ex

50 1053 90 1090 age
102 1053 134 1077 res
146 1037 196 1075 oriri
205 1038 304 1088 potuerit.
341 1083 343 1085 q
555 1045 557 1048 '

101 1103 174 1141 noto.
184 1100 227 1153 ngr
235 1107 304 1151 potest
314 1076 579 1152 apudPrisciinumX11,5.
590 1100 762 1150 (pertensem

101 1166 145 1204 272.
169 1164 268 1218 pontum]
290 1166 353 1206 Godd.
374 1164 423 1202 Brit.
438 1166 457 1205 2.
472 1166 490 1205 3.
506 1176 595 1219 portum.
608 1174 612 1180 l
625 1163 687 1210 Vind.
704 1164 763 1206 Bodl,
794 1196 796 1198 .

49 1216 110 1255 Poor.
122 1217 182 1255 Cant.
193 1229 212 1268 e.
225 1216 285 1256 editt.
301 1218 353 1255 Brix.
364 1217 412 1255 Ver.
423 1218 479 1255 'Ven.
490 1229 569 1269 portas.
595 1213 662 1268 Lugd.
671 1217 690 1255 2.
707 1217 763 1255 Gott.

50 1279 140 1315 coortus,
152 1267 175 1304 in
186 1267 260 1317 quibus
271 1268 396 1306 lectionibus
407 1280 450 1306 non
459 1268 525 1305 latere
537 1275 587 1317 puto
597 1274 683 1318 recepta
692 1268 762 1306 verio-

49 1331 106 1366 rem3
119 1330 158 1356 nec
168 1318 234 1369 megis
244 1332 262 1357 v.
267 1320 313 1368 277ἲ
321 1320 343 1357 in
352 1331 404 1356 vooe
413 1331 494 1370 pontus,
503 1320 529 1357 ab
540 1318 642 1366 omnihus,
657 1320 764 1369 quotquot

48 1370 92 1408 noti
102 1376 157 1416 sunt,
169 1369 228 1406 libris
240 1371 285 1418 Mss.
295 1376 316 1407 et
325 1376 375 1409 vett.
383 1369 440 1407 editt.
450 1370 589 1421 suppeditata,
604 1370 760 1420 offendendum,
787 1367 792 1371 ⁵

48 1433 87 1470 pro
98 1433 139 1471 qua
150 1419 203 1458 coni.
211 1421 277 1458 Faber
288 1433 374 1467 coortus,
387 1421 500 1459 lectionem
510 1422 535 1459 ah
542 1423 590 1460 Hav.
602 1420 666 1458 etiam
676 1420 697 1457 in
710 1434 761 1459 con-

48 1478 128 1508 textum
148 1478 266 1522 receptam,
285 1473 369 1524 Preiger
388 1477 450 1511 Corus
469 1474 518 1522 (seu
533 1473 622 1521 Gaurus)
642 1479 663 1509 et
677 1473 761 1513 Wakef.

47 1521 136 1560 ridicule
146 1525 246 1576 Olympus.
271 1524 360 1562 Knehel.
370 1524 432 1561 etiam
441 1523 464 1561 in
474 1524 569 1562 versione
580 1536 618 1561 sua
627 1530 685 1562 recte
694 1524 760 1562 libro-

48 1572 97 1618 rum
107 1573 220 1612 lectionem
231 1574 449 1625 expressit,iaudatus
460 1582 572 1627 propterea
581 1588 594 1614 a
603 1574 652 1618 Viro
664 1575 728 1614 docto
738 1575 760 1614 in

47 1623 132 1673 Ephem.
143 1625 197 1665 liter.
208 1625 260 1665 Hel..
267 1628 324 1666 1823.
335 1626 368 1677 cli.
377 1628 424 1666 239,

99 1690 143 1733 tto.
169 1691 267 1738 verrunt]
282 1689 339 1727 editt.
350 1692 398 1730 Ver.
408 1692 459 1731 Venz
471 1701 560 1736 vertunt,
573 1690 635 1730 male.
664 1692 724 1732 Gonf.
734 1692 760 1737 V,

47 1739 92 1828 l2367.
103 1742 147 1829 ῧῗξ.
158 1741 267 1832 12264421,
283 1741 328 1782 625.
345 1748 366 1780 et
379 1741 421 1782 vid.
436 1749 520 1793 praeter
536 1742 587 1781 alios
601 1742 716 1786 Broukhus.
733 1743 761 1782 ed

62 1803 107 1830 no.
139 1794 200 1840 ,12,,
231 1822 235 1832 .

87 1805 143 1882 Ρ282.
168 1846 211 1892 Ac]
225 1843 272 1892 „ita
281 1844 350 1892 Vind,
363 1845 398 1883 alii
410 1857 482 1882 omnes
495 1850 522 1883 Ut
533 1846 565 1895 [et
576 1845 607 1882 sic
616 1844 701 1894 quidem
707 1844 760 1887 Cod.

47 1893 103 1931 Bodl.
120 1894 178 1934 editt.
194 1897 240 1934 Ver.
252 1897 303 1934 Ven.
314 1896 360 1935 Ald.
371 1898 389 1937 1.
405 1897 470 1946 Bom]
485 1896 518 1932 vel
528 1896 561 1934 Εἴ
571 1896 613 1945 [sio
622 1895 687 1946 Lngd.
700 1898 718 1935 1.
730 1897 758 1944 2.,

49 1956 137 1993 quonum
146 1951 217 1984 tamen
233 1946 289 1986 alter
299 1959 322 1986 at
332 1948 396 1985 hehet
410 1948 573 1997 superscriptum
579 1948 594 1995 ].
620 1948 698 1985 Verum
709 1947 760 1985 fue-

47 1995 75 2031 rit
89 1997 177 2036 fortasse
194 2004 257 2049 Quam
271 2014 328 2046 quom
347 1999 381 2048 [ut
399 1999 474 2041 diserte
489 1999 587 2036 exhibent
603 1997 661 2035 editt.
671 2001 725 2038 lunt.
737 2006 760 2037 et

47 2046 119 2134 Altd‘ss.
125 2049 146 2099 };
159 2056 180 2088 et
190 2054 302 2088 concursus
311 2050 412 2089 similium
424 2050 540 2089 dictionum
549 2049 639 2088 librariis
647 2049 760 2103 displicue-

46 2107 79 2136 Π·
108 2104 174 2142 Wadi).
294 2108 299 2111 ι

96 2165 140 2203 287.
168 2167 271 2217 turbidus]
286 2170 310 2205 ts.
320 2166 403 2205 Vossius
419 2166 473 2206 ooni.
485 2167 589 2218 turgidus,
605 2177 668 2214 quam
684 2166 759 2203 conie-

48 2216 127 2251 cturam
136 2217 202 2267 Preig.
212 2220 261 2255 Hav.
272 2217 332 2256 Wak.
343 2218 465 2268 probarunt,
479 2230 521 2254 non
528 2224 591 2266 recte,
605 2222 629 2253 ut
638 2215 691 2253 mihi
699 2217 757 2255 vide-

46 2266 85 2319 tur,
100 2278 163 2315 quum
173 2269 262 2306 flumina
273 2269 375 2306 imbribus
387 2275 448 2307 aucta
459 2281 541 2318 semper
554 2269 617 2305 etiam
627 2268 711 2306 turbida
719 2269 758 2305 fie-

46 2323 64 2369 ζ]
75 2323 167 2366 constet,
180 2319 211 2358 ita
220 2326 244 2357 ut
252 2320 293 2358 hoc
303 2321 394 2370 epitheto
404 2333 459 2358 nova
468 2322 525 2357 notio
537 2319 637 2369 addetur,
651 2331 704 2369 quae
713 2331 756 2355 non
784 2319 786 2322 ’

45 2374 119 2403 inesset
127 2370 174 2407 voci
190 2375 297 2423 turgidus,
313 2373 339 2410 oh
351 2384 437 2409 omnem
447 2372 489 2409 loci
504 2372 627 2409 sententiam
642 2369 757 2406 admodum

36 2419 168 2465 superfluae.
195 2423 291 2460 Ceterum
302 2435 367 2473 quum
378 2435 431 2461 unus
442 2423 493 2462 Cod.
502 2423 552 2460 Brit.
560 2419 665 2461 enatent
674 2421 756 2458 turbida

45 2469 117 2558 alfigi>
130 2472 190 2513 wat.
201 2474 274 2512 locum
285 2473 326 2512 alia
337 2487 420 2526 quoque
430 2473 512 2514 vexerit
524 2474 656 2512 coniectura:
670 2472 755 2523 turgida

45 2529 84 2557 mm
98 2536 116 2560 ο.
390 2547 392 2551 ,
