1690 2654
185 40 515 120 maunnsrusramar
531 35 570 116 m.
586 68 627 116 nr.
717 85 764 117 aa

50 186 199 227 instoriaexoce
207 199 260 234 usus,
275 198 324 238 quae
334 184 485 237 sapientissimos
493 183 567 234 pariter
580 186 639 235 atque
650 182 763 236 potentissi-

50 253 90 277 mos
102 240 187 281 homines
203 240 242 276 sim
254 238 307 275 dirae
321 238 441 275 necessitatis
453 236 537 274 sensisse
554 237 656 274 admoneat
670 236 764 285 [v.1037

49 291 153 339 -1057c].
183 290 271 338 Denique
285 289 376 326 mortales
392 289 420 325 ait
433 288 493 326 vitam
509 288 609 325 sollicitam
624 291 643 325 et
657 287 764 337 inquietam

9 336 10 339 ¹
50 355 114 393 agere,
129 340 178 393 quod
188 340 254 379 mortis
263 340 334 377 iustam
346 338 523 389 contemplationem
531 339 629 389 refugiant
641 340 669 389 [v.
681 341 763 380 1058—

50 396 123 442 1088];
143 392 239 441 stulteque
251 396 271 427 et
284 391 351 441 inepte
364 391 415 428 votis
432 392 519 428 omnibus
536 404 577 429 eam
588 392 647 430 sitam
664 396 762 442 expetere,

50 458 106 496 quam
116 443 217 493 aliquando
227 441 315 479 amissuri
326 442 370 487 sint,
385 455 434 491 quae
445 442 515 479 nullam
525 455 593 480 novam
604 443 722 493 voluptatem
732 445 762 480 fe-

49 499 91 542 rat,
109 492 211 532 innumeris
222 505 269 532 vero
280 492 376 531 doloribus
388 498 407 531 et
418 491 509 543 periculis
522 493 604 532 obnoxia
615 494 651 541 sit3
671 508 762 544 praeser-

49 547 83 596 tim
95 558 151 597 quum
163 544 246 583 siveudo
263 548 283 581 et
292 545 394 583 metuendo
407 545 455 583 nihil
466 544 569 583 detrahant
579 545 603 582 de
613 548 762 598 temperemur-

49 599 87 645 tis,
102 610 151 649 quae
161 609 225 635 omnes
233 601 310 635 maneat
320 599 399 634 aeterna
411 597 441 646 [a.
454 597 621 648 1089—11071s

326 707 483 718 ———-—-

201 749 362 836 ¹arsat
393 778 569 825 ouaara

99 856 201 896 Lucretius
210 857 255 907 post
265 856 386 906 magnificum
396 857 503 902 exordium,
518 869 555 907 quo
566 858 586 895 et
597 855 722 895 attentionem
731 857 761 895 le-

50 908 119 956 ctoris,
140 914 160 947 et
176 922 229 946 suum
243 907 302 957 ipsius
311 908 406 959 spiritum
422 908 526 947 resuscitat
543 909 573 958 [v.
587 910 635 947 1-
647 910 696 958 affl,
716 907 762 955 libri

49 960 113 1012 quarti
124 963 254 1011 argumentum
272 973 313 998 oum
323 960 454 1010 superioribus
466 960 568 998 connectit.
596 960 701 1011 Postquam
713 960 762 999 enim

48 1012 108 1064 primo
120 1017 140 1050 et
149 1013 233 1050 secundo
249 1010 298 1049 libro
311 1013 414 1062 docuerat,
433 1024 482 1061 quae
494 1016 514 1049 et
524 1012 589 1061 qualia
599 1012 637 1049 siut
648 1025 712 1050 rer-um
720 1011 762 1063 pri-

48 1064 133 1110 mordia,
148 1064 216 1115 quibus
225 1063 293 1111 figuris
305 1062 407 1111 distincta,
422 1076 459 1114 quo
469 1066 521 1101 motu
530 1064 623 1110 terantur,
638 1076 676 1115 qua
687 1065 763 1101 ratione
794 1089 796 1091 ·

19 1141 23 1146 -
49 1118 124 1154 ceteras
133 1129 166 1153 res
175 1117 289 1165 procreent,
303 1115 352 1153 libro
363 1119 425 1153 autem
435 1116 492 1154 tertio
503 1115 576 1154 animae
590 1120 649 1166 atque
661 1115 718 1154 animi
726 1129 762 1155 na-

49 1171 110 1206 turam
120 1167 237 1218 explicarat;
250 1167 364 1217 aggreditur
374 1180 424 1205 nunc
434 1168 459 1205 ad
472 1169 621 1218 disputationem
632 1168 656 1206 de
665 1168 761 1214 sensibus,
792 1199 794 1202 .

47 1219 143 1269 incipiens
152 1232 170 1257 >a
185 1220 293 1257 simulacris
304 1232 337 1257 seu
349 1220 469 1270 imaginibus
479 1220 592 1270 Epicureis,
612 1220 681 1271 quibus
693 1232 761 1258 seusus

49 1284 112 1309 omnes
122 1274 236 1309 moveantur
248 1272 279 1320 [v.
291 1274 317 1311 26
327 1293 354 1298 -
364 1269 408 1321 45].
435 1271 499 1309 Docet
509 1272 586 1322 itaque,
600 1285 684 1310 arernm
693 1284 761 1322 super-

48 1323 93 1365 ficie
102 1323 214 1361 tenuissima
230 1324 324 1374 quaedam
339 1326 359 1361 et
375 1323 501 1361 subtilissima
512 1323 613 1361 simulacra
628 1324 690 1369 mitti,
711 1335 762 1373 (luae

48 1374 118 1425 passim
132 1387 168 1425 per
184 1378 230 1412 aera
243 1374 356 1421 volitantia,
375 1375 488 1424 singillatim
501 1376 535 1412 suh
553 1376 614 1413 risum
630 1388 673 1413 non
683 1375 760 1420 cadant,
778 1418 780 1422 Ι
802 1420 804 1423 Ι

48 1425 82 1463 sed
94 1426 174 1463 collecta
190 1431 231 1465 eta
247 1427 330 1475 speculis
342 1431 374 1464 aut
387 1440 437 1477 aqua
447 1427 535 1478 repulsa,
554 1427 573 1464 in
584 1427 648 1465 oculos
661 1427 762 1465 incurrant

25 1521 27 1524 ι
50 1476 58 1526 [
64 1490 84 1515 v.
96 1477 157 1516 la-
167 1480 225 1526 108}
251 1478 327 1516 Deinde
336 1479 449 1517 tenuitatem
457 1479 523 1517 horum
533 1478 674 1516 simulacrorum
684 1479 761 1528 demon-

49 1531 108 1575 strat,
127 1529 183 1567 simul
203 1530 348 1580 primordiorum
367 1531 492 1580 exiguitatem
514 1531 626 1568 confirmans
641 1531 672 1579 [v.
686 1532 723 1569 109
734 1550 761 1557 —

50 1581 107 1628 129}
134 1580 211 1631 Duplex
230 1587 293 1621 autem
308 1581 450 1620 simulacrorum
471 1582 573 1631 distinguit
588 1595 660 1630 genus,
682 1581 774 1631 alterum,

49 1644 123 1678 eorum,
138 1645 188 1682 quae
198 1639 265 1684 sponte
277 1647 312 1671 sua
322 1637 439 1682 generentur
448 1634 469 1671 in
478 1637 534 1680 atre,
549 1633 613 1684 qualia
624 1645 761 1683 nonuunquam

48 1682 146 1721 videamus
158 1685 251 1724 exsistere
262 1686 282 1723 in
292 1685 380 1733 nubibus,
394 1685 458 1724 varias
470 1699 533 1724 rerum
543 1686 617 1735 figuras
628 1685 760 1729 imitantibus3
771 1695 773 1700 ‘

48 1735 128 1772 alterum
139 1749 215 1784 eorum,
235 1750 285 1788 quae
296 1750 380 1776 arerum
394 1739 496 1787 superficie
514 1738 601 1783 avolent,
624 1736 679 1787 quasi
694 1742 761 1775 tenues

31 1836 35 1839 .
49 1786 141 1835 quaedam
149 1789 237 1836 exuviae,
251 1790 347 1840 facileque
358 1794 377 1827 et
385 1795 478 1841 perpetuo
489 1790 579 1836 oriantur,
595 1791 614 1826 et
623 1802 646 1826 ea
655 1792 716 1827 motus
728 1801 760 1826 ce—

48 1837 124 1876 leritate
135 1852 171 1890 per
185 1844 230 1877 ae'ra
241 1842 338 1887 ferantur,
357 1845 379 1879 ut
394 1842 469 1879 luminis
480 1841 548 1878 solaris
561 1842 633 1878 iactum
644 1843 761 1890 exsuperent

49 1888 80 1938 [r.
92 1892 129 1930 130
138 1913 164 1919 -
172 1893 229 1941 216}
256 1894 297 1931 Sed
308 1893 355 1944 quia
364 1893 418 1932 visus
428 1893 509 1931 omnium
521 1905 609 1930 sensuum
618 1892 690 1942 primus
701 1892 761 1930 habe-

49 1944 90 1987 tur,
104 1943 128 1980 ab
141 1944 201 1981 eosic
214 1945 316 1983 exorditur
326 1949 393 1994 poeta,
408 1950 431 1982 ut
441 1958 464 1982 ex
475 1945 620 1982 simulacrorum
629 1944 707 1981 incursu
718 1955 761 1981 eum

48 1992 101 2041 gigni
111 1995 199 2033 ostendat
211 1997 242 2045 [s.
252 1998 380 2046 arr—239}
408 1997 459 2034 Tum
469 1996 570 2046 explicatis
579 1995 616 2042 iis,
629 2009 678 2046 qnae
691 1995 715 2032 ad
725 1996 757 2034 vi-

49 2057 80 2081 sus
96 2058 164 2085 causas
178 2052 277 2098 spectant,
290 2048 346 2087 saria
357 2049 381 2086 de
396 2062 418 2086 eo
429 2049 557 2098 problemata,
570 2047 656 2097 inprimis
673 2060 723 2097 quae
737 2046 777 2085 ad.

49 2097 122 2145 speculi
135 2099 228 2150 imagines
240 2104 259 2137 et
269 2100 319 2138 lucis
331 2104 388 2150 atque
399 2101 478 2139 umbrae
488 2101 582 2138 rationem
595 2100 702 2149 pertinent,
716 2111 762 2149 pro-

48 2147 132 2196 penitet
147 2151 206 2189 solat
220 2152 251 2201 [v.
263 2152 303 2191 ato
312 2174 339 2180 -—
350 2154 410 2202 379]¹
431 2152 497 2190 „Pon-0
511 2165 578 2194 seusus
589 2164 625 2188 non
642 2163 685 2188 esse
697 2151 761 2188 incer-

47 2203 77 2236 tos
87 2205 161 2248 monet,
176 2216 256 2253 quorum
267 2204 323 2242 fidem
334 2204 393 2242 multa
402 2208 475 2241 temore
486 2203 618 2245 existimentur
629 2203 760 2247 labesactare3

48 2250 81 2287 sed
98 2265 121 2290 ex
133 2254 211 2303 opinato
224 2256 328 2294 animorum
344 2255 397 2292 nasci
409 2255 459 2292 falsa
471 2255 546 2293 illorum
556 2255 630 2292 iudicia
642 2257 675 2302 [v.
687 2254 725 2292 380
735 2274 761 2281 -

47 2300 106 2350 4691.
133 2305 165 2342 Ne
180 2307 223 2356 quis
235 2307 295 2356 igitur
308 2320 331 2346 ex
341 2307 380 2344 illis
390 2306 515 2356 problematis
529 2306 618 2344 fallaciae
632 2309 701 2355 arguat
715 2317 760 2341 sen-

48 2365 90 2399 sus,
111 2355 178 2394 horum
195 2359 308 2408 dignitatem
326 2359 453 2405 demonstrat,
472 2359 562 2396 refutatis
575 2358 632 2395 etiam
642 2354 760 2394 Academicis

49 2402 76 2451 [v.
86 2403 125 2444 470
134 2407 227 2459 —478],
242 2423 352 2462 omnemque
364 2411 438 2448 omnino
450 2412 552 2448 veritatem
561 2410 600 2448 fide
613 2412 632 2445 et
644 2408 760 2445 auctoritate

48 2467 136 2505 sensuum
144 2458 187 2507 niti,
206 2462 303 2514 copiosius
315 2462 384 2504 asserit
398 2462 423 2514 [v.
433 2460 472 2503 479
482 2484 508 2491 »-
516 2463 570 2514 523].
596 2460 632 2500 His
643 2459 672 2498 ita
682 2459 706 2496 de
715 2457 759 2496 visu
