1690 2654
91 78 153 143 *556
325 58 604 123 nunoenuiouns

103 191 149 230 hini
161 190 284 230 coniectura
296 190 378 242 (quiet
393 191 456 230 eiiam
469 192 563 242 profert:
587 195 654 245 Usque
667 194 718 232 adeo
732 196 826 233 incussus

104 249 176 284 mortis
185 256 249 285 metus
260 246 293 283 bis
304 256 349 282 erat
359 248 430 292 aoer)3
453 245 524 283 Gifen.
537 242 603 281 voluit
615 249 726 284 inuaserat.

157 306 215 350 1214.
243 312 337 360 ‚,supra]
355 308 451 345 Heinsius
467 309 561 346 Adverss.
574 322 595 358 p.
606 309 651 348 510.
667 309 764 347 emendet
781 325 827 349 ‚nae-

101 373 153 417 pbaJ
172 362 209 398 sed
224 361 298 398 malim
313 359 410 410 equidem
426 359 450 400 τὸ
465 377 528 413 supro
542 360 661 411 intelligere
677 361 737 412 fungi
754 362 825 400 officio

104 413 190 465 cognati
201 413 232 450 sui
243 429 315 465 super,
331 412 425 463 quamvis
441 413 498 451 eliud
513 412 632 463 exemplum
647 413 726 450 nonsit
741 414 767 451 ad
778 427 826 452 ma-

103 479 167 515 num,
182 479 245 516 quam
257 464 371 502 lectionem
383 465 517 502 arbitrariam
531 478 579 502 curn
591 465 765 502 membranarum
774 479 826 503 nne-

102 518 157 557 nimi
173 519 277 568 scriptura
291 516 366 554 leviter
382 518 535 555 commutaref‘
555 519 627 556 Wab.
656 520 774 570 Corporibus
788 531 825 555 au-

102 577 148 608 tern
164 577 265 620 sequente
277 581 338 606 versu
348 569 416 609 Giian.
431 569 454 607 in
469 570 538 607 Indice
550 582 566 608 s.
576 582 595 609 v.
606 574 734 621 Praeposicio
741 599 746 618 ,
765 577 825 608 recte

102 635 143 673 pro
153 622 222 661 dativo
233 622 311 658 habere
320 620 413 667 videtur,
431 628 454 658 ut
464 625 556 660 iacerent
566 636 629 671 supra
642 624 759 670 corporibus
771 623 825 670 posi-

102 681 150 713 turn
167 674 193 711 sit
208 686 247 724 pro
265 676 416 721 superiacerenc
430 675 553 725 corporibus.
582 672 640 710 Gonf.
653 674 716 711 etiam
726 674 824 714 Ruddirn.

101 729 153 766 lust.
166 730 202 765 Gr.
214 730 237 763 ΙΙ.
253 738 272 775 p.
283 726 329 764 322,
340 731 384 765 not.
395 727 425 770 1.,
439 726 475 775 qui
489 726 542 762 bene
557 736 605 761 cuni
621 724 669 762 ioco
685 731 756 762 nostro
766 739 825 763 com-

102 786 164 830 parat
174 778 231 829 Virg.
242 781 292 816 Aen.
305 780 329 826 ΙΙ,
340 778 385 816 792.
406 776 449 815 Cic.
460 776 510 817 SuH.
521 778 539 816 8.
552 776 645 823 eundem
658 776 683 814 de
697 777 735 816 off.
747 780 780 826 ΙΙΙ,
792 779 824 818 17.

104 837 125 869 et
134 830 211 870 Tibull.
221 832 240 874 1,
253 831 276 875 1,
290 829 321 867 18.

156 894 213 935 1215.
239 891 301 932 Wak.
313 892 408 931 conferri
421 892 480 930 iubet
495 892 584 931 Nicand.
595 892 649 931 ther.
659 892 705 933 406.
724 893 763 932 Iui.
776 893 823 932 Obs.

104 946 130 984 de
142 947 237 997 prodigg.
251 958 268 983 c.
281 944 312 984 65.
324 945 395 996 ibique
410 946 485 985 Scheff.
501 945 558 983 Ovid.
569 947 618 984 Mei.
628 947 672 994 Vll,
683 943 722 985 545
733 958 758 983 ss.
772 949 824 984 Stat.

103 998 169 1037 Theb.
179 1001 194 1046 Ι,
206 998 251 1039 624,
264 1003 285 1034 et
294 998 373 1036 Lucan.
385 997 420 1046 Vl,
431 998 477 1038 627.

156 1063 214 1101 1216.
240 1061 297 1111 Aut]
315 1062 368 1101 Brix.
380 1064 427 1101 Ver.
437 1064 487 1100 Ven.
497 1064 567 1101 Haud.
581 1083 608 1090 -
621 1061 656 1111 ut]
675 1061 724 1100 Brit.
738 1063 755 1102 1.
766 1063 824 1099 Geni.

104 1125 153 1163 αιιι,
171 1115 224 1150 Iuni,
236 1129 268 1154 ne.
282 1133 308 1141 -
321 1114 398 1165 exiret]
416 1116 477 1153 Poor.
486 1116 537 1154 unt.
549 1115 568 1153 1.
579 1114 599 1153 3.
614 1115 673 1154 Cant.
684 1113 730 1151 eld.
742 1116 760 1153 1.
773 1116 824 1151 Bon.

104 1167 160 1206 lunt.
170 1168 252 1213 exciret,
265 1166 313 1206 Ver.
323 1168 374 1208 Ven.
386 1170 459 1205 exciut.

156 1219 214 1256 1218.
240 1218 287 1255 ollis
302 1219 392 1266 solibus]
408 1217 421 1254 i.
433 1229 451 1257 e.
465 1217 506 1255 iliis
521 1216 604 1263 diebus,
622 1216 659 1254 iiio
673 1223 781 1267 tempore3
800 1222 826 1255 ut

104 1268 161 1320 apud
175 1270 247 1318 poetes
259 1270 343 1307 Latinos
353 1268 409 1307 haud
419 1282 474 1309 raro.
505 1268 623 1306 Macrobius
639 1268 687 1318 (qui
698 1281 782 1306 omnem
793 1268 826 1306 lo-

104 1333 154 1359 cum
167 1323 210 1360 Neo
222 1331 290 1359 tomen
302 1344 329 1352 -
342 1344 367 1350 —
381 1326 410 1360 Et
424 1322 562 1360 moriebantur
578 1319 640 1357 affert
655 1324 697 1361 Sat.
707 1323 745 1369 VI,
756 1322 776 1360 2.
791 1321 824 1371 [p.

48 1414 49 1417 ,
105 1375 149 1413 166.
162 1372 221 1422 Bip.]
232 1385 282 1410 cum
293 1375 351 1425 Virg.
362 1374 416 1413 Geo.
428 1376 461 1421 ΙΙΙ,
473 1370 535 1415 5465.
548 1374 696 1423 comparatos)
708 1373 823 1413 Erinlunt.

49 1449 51 1452 -
103 1425 150 1464 Ald.
160 1426 180 1464 2.
191 1427 277 1464 sedibus.
304 1427 344 1464 Sed
353 1428 440 1477 recepta
453 1427 517 1464 lectio
529 1425 596 1462 multo
608 1424 724 1477 elegantior
739 1431 776 1463 est.

156 1490 213 1529 1219,
242 1490 387 1542 Comparebot]
403 1493 460 1529 (ient.
472 1492 518 1529 Ver.
531 1491 582 1529 Ven.
593 1488 822 1544 Comparobnbi-neo]

104 1540 135 1580 sic
147 1554 219 1578 ornnes
232 1541 291 1590 iibri,
313 1555 402 1593 quorum
420 1544 567 1581 auctoritatem
579 1555 621 1579 non
633 1542 773 1591 spernendam
786 1541 824 1578 du·

103 1593 176 1632 ximus.
204 1594 264 1631 Wak.
282 1597 357 1646 (quem
369 1595 437 1634 Nohb.
448 1595 567 1645 sequitur),
586 1594 684 1644 opinione
694 1593 730 1631 iiia
742 1593 823 1642 ductus,

105 1645 131 1683 de
142 1658 183 1697 qna
192 1645 279 1683 diximus
289 1647 312 1683 in
323 1646 373 1684 Add.
386 1648 414 1684 ad
424 1648 456 1693 ΙΙΙ,
462 1648 514 1691 757„
528 1662 592 1698 neque
602 1646 667 1682 edidit
676 1645 822 1683 econieetura.

104 1719 131 1726 —-
144 1700 207 1736 noxia
216 1701 270 1737 seclo
279 1700 385 1746 ferarum,
397 1701 481 1749 θηρίων
491 1698 518 1738 eci
529 1695 655 1748 σαρκοφάγα
660 1713 667 1745 ,’
686 1710 739 1747 quae
750 1697 824 1746 lectio,

104 1749 147 1787 iem
159 1749 225 1798 Susio,
241 1751 312 1787 Vossio
324 1758 344 1788 et
356 1753 464 1802 Rutgersio
477 1754 549 1800 (Varr.
561 1754 625 1788 Lecti.
637 1751 672 1794 iv,
685 1751 716 1796 1.)
728 1750 824 1800 probate,

105 1808 150 1840 eta
161 1800 221 1842 Wek.
233 1804 328 1854 recepta,
348 1802 399 1840 mihi
413 1803 498 1853 quidem
516 1802 576 1839 unice
587 1814 636 1839 vera
646 1801 734 1840 videtur.
762 1805 824 1840 Con·

103 1854 207 1904 probatur
218 1861 289 1891 autem
301 1867 364 1903 quam
375 1857 464 1891 maxime
477 1854 539 1891 codd.
550 1853 645 1891 Lambini
656 1860 676 1889 et
689 1853 753 1902 Lugd.
764 1855 783 1892 2.
794 1853 824 1890 le-

105 1906 175 1942 ctione
186 1911 263 1955 noetio,
278 1907 334 1943 unde
346 1907 367 1943 in
379 1906 444 1956 Lugd.
452 1909 469 1946 1.
480 1909 555 1953 nentia,
566 1907 588 1942 in
599 1905 644 1942 aliis
656 1905 750 1942 Lambini
758 1904 822 1943 Godd.

105 1963 126 1995 et
138 1958 185 1994 Ver.
200 1958 249 1995 Ven.
258 1962 331 2006 noctis,
345 1958 366 1994 in
378 1958 454 2009 fragm.
465 1958 524 1996 vind.
536 1959 628 1996 noctibus
639 1956 725 1994 factum.
752 1955 774 1993 Si
784 1968 823 1994 ve-

103 2022 128 2046 ro
138 2009 230 2048 noctibus
241 2010 275 2057 (ad
287 2023 349 2060 quam
360 2010 467 2061 vulgatam
477 2010 598 2055 lectionem,
611 2009 703 2049 aLamb.
714 2008 823 2047 inductam

105 2067 126 2098 et
139 2062 165 2097 ab
176 2063 225 2096 flav.
241 2068 390 2112 propagatam,
411 2062 571 2099 Eiohstaedtium
582 2072 665 2111 quoque
681 2066 702 2096 et
716 2061 823 2098 Nohbium

103 2112 189 2150 rediisse
199 2112 272 2157 video)
286 2127 334 2150 vera
344 2115 447 2163 scripture
456 2113 541 2159 fuisset,
556 2114 601 2163 quis
612 2112 708 2150 librarius
720 2124 766 2149 eam
776 2125 824 2160 corf

104 2163 203 2201 rexisset?
217 2164 312 2214 inprimis
324 2178 372 2203 cum
386 2168 461 2204 solibus
473 2164 621 2214 praecesserit,
634 2163 656 2200 in
669 2163 743 2213 quibus
755 2164 823 2201 verbis

76 2253 78 2255 ,
103 2215 185 2253 librarii
196 2215 251 2253 haud
268 2217 329 2254 dubie
341 2218 451 2267 pulch-ram
462 2217 575 2254 antithesin
583 2216 720 2263 invenissent,
739 2221 763 2252 ut
774 2227 823 2252 vere

104 2267 229 2305 invenerunt
241 2270 313 2308 Lamb.
325 2276 345 2306 et
357 2272 405 2307 flav.
427 2270 486 2306 Unde
501 2270 566 2320 igitur
583 2274 615 2304 tot
625 2269 696 2305 variae
708 2267 822 2304 lectiones?

104 2319 160 2357 unde
170 2318 223 2355 adeo
234 2319 322 2358 lacunae
333 2322 355 2358 in
367 2321 444 2358 Godd.?
459 2325 522 2369 (nem
533 2320 555 2357 in
562 2319 621 2355 vind.
633 2318 697 2356 verba
707 2334 743 2357 neo
753 2322 822 2367 noxia,

89 2371 127 2408 «in
141 2371 189 2409 Brit.
200 2371 220 2409 3.
235 2375 297 2410 nonio
311 2379 367 2409 certe
383 2372 530 2422 desideretur.)
557 2370 660 2408 Macrobii
678 2382 738 2418 vero,
760 2371 823 2410 Poor.

104 2423 157 2464 Brix.
175 2422 220 2461 ΑΜ.
233 2425 250 2462 1,
262 2426 282 2462 2.
294 2426 345 2461 Bon.
363 2425 426 2462 lectio
443 2428 513 2463 tristia
531 2426 608 2472 (quem
625 2422 713 2459 Orellius
727 2422 822 2473 recepit)

104 2488 148 2514 non
158 2475 233 2525 minus,
247 2489 310 2527 quem
315 2478 387 2529 fortia
395 2477 418 2516 in
428 2476 535 2515 nonnullis
542 2476 572 2514 Pii
583 2474 646 2514 Godd.
659 2475 717 2514 Cant.
728 2480 750 2512 et
757 2475 822 2525 Iunt.5
