1690 2654
340 37 447 82 LIBER
466 35 491 78 V.
722 31 770 79 133

119 150 192 194 Mollia
203 150 252 192 ricta
264 150 356 197 tremunt,
369 148 429 188 duros
441 144 535 186 nudantia
546 142 628 197 denteis,

118 207 187 256 Longe
199 205 239 245 alio
252 203 317 244 sonitu
328 201 394 240 rabies
406 199 495 238 districta
507 199 600 247 minatur,
772 243 774 247 ¹

118 259 145 297 Et
157 269 218 307 quem
229 255 270 295 iam
282 256 361 301 latrant,
375 256 395 291 et
405 251 487 290 vocibus
500 250 567 288 omnia
580 248 684 299 complent.
716 248 770 291 1⁰65

118 309 146 351 nt
157 309 233 347 catulos
245 306 317 345 blande
329 316 389 355 quom
399 303 470 353 lingua
481 302 570 339 lambere
585 304 666 352 tentant,

119 360 160 400 Aut
172 360 208 398 ubi
221 370 253 396 eos
265 358 340 395 lactant
351 353 439 403 pedibus,
451 364 557 402 morsuque
569 355 655 400 petentes

121 408 226 458 Suspensis
237 411 314 447 teneros
325 405 430 449 imitantur
442 402 532 448 dentibus
543 403 633 454 haustus,

2 479 13 503 :2
119 461 188 511 Longe
201 460 241 499 alio
253 461 312 509 pacto
325 456 408 510 gannitu
420 454 476 494 vocis
488 455 576 503 adulant,

77 520 79 524 '
120 512 148 551 ut
157 523 217 561 quom
229 509 312 549 desertei
324 510 438 550 baubantur
449 507 471 546 in
484 506 572 553 aedibus,
584 507 692 557 autquom
716 505 769 548 loto

118 563 223 603 Plorantes
234 562 321 614 tugiunt,
333 560 437 601 summisso
449 571 537 608 corpore,
549 559 627 608 plagas.

146 613 236 664 Denique
247 627 286 653 non
297 613 384 653 hinnitus
395 613 443 651 item
456 611 537 649 differre
548 610 634 657 videtur,

119 665 172 706 luter
185 678 246 716 equas
257 665 293 704 ubi
306 678 368 714 equus
379 662 458 703 florenti
470 665 536 702 aetate
547 661 641 702 iuvencus

118 717 222 768 Pinuigeri
233 717 296 756 saevit
308 716 418 755 calearibus
429 715 480 753 ictus
491 713 578 760 Amoris,

118 769 145 808 Et
156 768 258 807 tremitum
269 768 342 818 patulis
355 768 392 806 sub
404 767 485 805 naribus
498 765 539 804 edit
551 765 576 803 ad
589 776 653 815 arma,
716 762 769 806 1075

118 820 146 863 Et
158 832 218 869 quom
230 820 260 859 sie
271 819 328 868 alias,
341 817 439 860 concussis
451 818 540 865 artubus,
550 815 631 855 hinnit?
661 856 666 867 f
705 857 706 861 ,

144 872 254 918 Postremo,
267 883 329 922 genus
342 871 427 910 alituum
438 868 544 917 variaeque
556 867 654 915 volucres,

119 921 228 972 Accipitres
241 925 301 972 atque
314 921 426 971 ossifragae
437 920 558 970 mergeique,
570 918 653 959 marinis

117 974 222 1013 Fluctibus
233 973 254 1012 in
266 974 319 1013 salso
332 972 408 1011 victum
419 971 521 1020 vitamque
532 974 626 1021 petentes,

119 1024 189 1076 Longe
201 1024 251 1064 alias
263 1024 303 1063 alio
313 1023 390 1062 iaciunt
400 1024 423 1062 in
434 1026 524 1073 tempore
534 1034 600 1070 voces,
714 1018 769 1062 1080

118 1074 145 1114 ut
158 1087 217 1123 quom
229 1075 254 1113 de
265 1075 320 1114 victu
333 1078 414 1122 certant,
426 1075 536 1124 praedaque
548 1074 666 1125 repugnant.

117 1126 144 1165 Et
156 1126 229 1175 partim
240 1129 318 1169 mutant
330 1139 376 1165 eum
385 1126 536 1177 tempestatibus
547 1137 588 1164 una

117 1177 242 1216 Raucisonos
255 1180 323 1216 cantus
336 1177 437 1217 cornicum
449 1178 502 1217 secla
515 1180 593 1216 vetusta

121 1227 270 1278 Gorvorumque
284 1241 369 1279 greges3
380 1230 416 1268 ubi
426 1241 499 1278 aquam
512 1229 602 1267 dicuntur
613 1230 633 1269 et
644 1228 725 1270 imbrcis

118 1278 210 1328 Poscere,
222 1285 242 1319 et
253 1279 352 1320 interdum
364 1285 431 1319 ventos
444 1293 540 1330 aurasque
552 1292 630 1320 vocare.
714 1278 768 1321 1⁰85

144 1331 207 1382 Ergo,
220 1330 238 1370 si
248 1331 311 1371 varici
323 1344 390 1371 sensus
402 1332 496 1371 animalia
511 1335 590 1383 cogunt,
632 1337 634 1341 ’

117 1381 178 1421 Muta
189 1386 257 1422 tamen
268 1391 328 1433 quom
340 1383 384 1431 sint,
397 1384 463 1423 varias
475 1384 564 1423 emittere
575 1394 647 1429 voees;

118 1434 198 1482 Quanto
210 1434 312 1474 mortaleis
324 1435 389 1486 magis
401 1447 486 1485 aequum
499 1438 529 1474 est
540 1438 582 1473 tum
593 1434 680 1484 potuisse

117 1485 237 1524 Drssmrlers
248 1486 289 1525 alia
301 1489 360 1535 atque
373 1486 413 1525 alia
424 1499 456 1525 res
468 1498 516 1525 voce
528 1486 612 1525 notare?

144 1537 195 1576 lllud
207 1537 229 1576 iu
241 1537 278 1583 his,
284 1538 344 1576 rebus
356 1537 426 1577 tacitus
438 1550 463 1576 ne
477 1539 529 1577 forte
540 1537 636 1586 requiras,
712 1536 766 1578 1090

119 1586 206 1626 Fulmen
214 1588 289 1627 detulit
299 1589 321 1627 in
333 1593 397 1628 terras
409 1588 525 1628 mortalibus
537 1589 605 1639 ignem

117 1638 224 1685 Primitus;
237 1639 283 1678 inde
295 1640 359 1679 omnis
370 1641 497 1679 flammarum
510 1640 583 1688 diditur
596 1640 661 1680 ardor.

117 1690 184 1737 Multa
196 1691 285 1731 videmus
297 1691 356 1741 euim,
369 1692 486 1731 coelestibus
498 1692 558 1731 incita
569 1692 662 1740 damnis,

117 1742 210 1792 Fulgere,
224 1755 285 1793 quom
297 1743 348 1781 coeli
361 1744 440 1784 donavit
451 1745 513 1795 plaga
525 1744 614 1792 vapores.

117 1793 145 1831 Et
156 1806 236 1832 ramosa
248 1798 313 1833 tamen
326 1806 392 1843 quom,
405 1796 468 1834 ventis
481 1796 545 1844 pulsa,
556 1794 653 1834 vacillans
712 1792 765 1836 1⁰95

116 1843 203 1891 Aestuat,
215 1844 237 1883 in
249 1857 316 1884 ramos
328 1846 443 1885 incumbens
455 1845 537 1893 arboris,
549 1846 616 1893 arbor,

117 1896 245 1945 Expetuntur,
256 1896 328 1936 validis
340 1897 422 1936 extritus
432 1897 514 1945 viribus,
526 1896 589 1948 ignis:

116 1947 195 1987 Emicat
206 1948 304 1987 interdum
316 1948 406 1987 flammai
416 1949 504 1988 ferridus
516 1950 582 1996 ardor,

115 1998 188 2038 Mutua
200 2000 247 2038 dum
259 1999 315 2039 iuter·
321 2013 343 2043 se
355 1999 419 2039 ramei
429 2000 538 2050 stirpesque
549 1998 651 2047 ter-unium

117 2050 207 2100 Quorum
219 2056 324 2101 utrumque
334 2052 410 2098 dedisse
422 2056 487 2100 potest
498 2051 616 2092 mortalibus
624 2052 698 2101 ignem.
710 2049 763 2093 1100

141 2102 191 2140 Inde
201 2103 269 2140 cibum
281 2115 365 2151 coquere
376 2114 401 2141 ae
413 2104 506 2141 flammae
517 2102 596 2141 mollire
607 2114 681 2151 vapore

114 2149 152 2190 Sol
163 2153 240 2202 docuit3
253 2154 347 2203 quoniam
358 2154 461 2193 mitescere
472 2155 537 2193 multa
547 2153 647 2200 videbant,

115 2202 234 2244 Verberibus
245 2206 348 2245 radiorum
360 2209 419 2255 atque
430 2209 485 2245 aestu
497 2205 556 2253 victa,
570 2217 606 2255 per
618 2216 684 2258 agros.

114 2254 163 2293 lude
175 2256 216 2295 dies
228 2257 293 2309 magis
305 2257 400 2296 invictum
411 2256 512 2308 vitamque
523 2257 611 2308 priorem

115 2304 242 2347 Commutato
253 2308 309 2348 novis
321 2310 456 2350 monstrabant
467 2311 526 2349 rebus
541 2313 560 2348 et
571 2307 622 2360 igni,
707 2305 760 2348 11⁰5

114 2354 199 2406 ingenio
210 2360 256 2409 quei
267 2362 399 2410 praestabant,
412 2365 432 2400 et
443 2363 502 2402 eorde
513 2362 614 2413 uigebant.

137 2407 231 2455 0⁰¹¹dere
244 2417 349 2463 coeperunt
360 2413 431 2462 urbeis,
443 2425 548 2466 arcemque
558 2414 625 2458 locare

80 2471 197 2506 wernerus.
581 2476 605 2514 M
