1690 2654
86 73 135 119 490
307 71 588 116 ANNOTATIONES

138 183 184 224 320·
212 182 263 236 quo]
284 181 332 221 Brit.
343 183 362 223 1,
375 182 428 222 Brix.
446 184 494 222 Ver.
505 185 557 222 Ven.
567 181 613 224 ald.
624 183 643 223 1.
654 182 710 224 Bon.
720 197 768 236 quo.
782 202 806 210 -—

86 236 109 275 vi
119 234 193 286 missa]
209 233 305 275 sicWak.
320 247 369 273 cum
380 234 445 287 Lugd.
452 237 470 277 1,
480 241 501 273 et
511 237 580 284 Cant,
595 248 609 273 a
618 235 693 287 quibus
703 246 752 273 vere
764 246 807 271 non

87 286 207 337 discrepant
216 286 270 327 Brix.
276 287 324 324 Ver.
330 288 389 333 Veu,
400 290 496 337 immisso,
506 294 528 326 et
536 286 604 336 Vina,
616 290 692 328 umissa
704 286 807 338 praehen-

85 344 124 376 tes.
152 340 214 379 Poor.
224 343 255 380 vis
265 342 335 387 missa,
348 339 397 378 urit.
408 342 427 379 1.
438 342 459 379 oi
469 344 529 387 nia-a,
543 339 589 380 Ald.
601 340 620 380 t.
630 341 650 380 2.
661 341 712 377 Bon.
722 341 775 378 lunt.
786 341 808 377 vi

86 393 183 439 immissa,
196 397 221 429 ut
230 391 325 442 vulgares
337 390 445 437 editiones.
472 393 584 430 Praeterea
592 391 615 429 in
626 390 679 430 Brit,
689 391 709 430 3.
721 401 752 431 eat
763 402 806 428 nou

85 442 113 482 ad
124 443 191 482 finem
201 455 280 492 versus,
293 442 329 482 sed
339 449 386 494 post
397 454 457 483 tanta
468 443 559 494 ponitur.

82 543 84 545 .
137 504 183 546 324.
210 508 255 557 Ac]
275 507 306 545 ita
317 506 400 546 wahe
416 506 470 548 coni.
480 520 520 558 pro
530 512 572 553 At,
591 506 686 546 omnium
702 506 806 545 librorum

84 558 191 609 leotioue;
208 559 272 611 vulgo
283 564 323 606 Et,
343 558 399 610 qnod
411 559 433 597 in
445 560 506 600 Vind.
518 572 567 598 rere
580 558 680 609 inveniri,
693 560 726 598 vix
738 558 806 597 credi-

85 610 165 660 derim,
186 618 208 649 et
219 612 288 649 minus
302 611 399 649 convenit
411 612 478 652 Codd,
493 612 615 661 scripturae.
629 633 655 640 -
667 622 755 665 pergunt
768 613 807 650 tibi

84 662 150 701 lectio
161 669 192 701 est
202 676 248 702 non.
254 661 322 701 minus
334 675 345 700 e
356 663 480 701 Wakefieidi
491 663 575 714 ingenio
587 663 694 713 profecta,
708 662 805 701 sedeatis

85 715 174 767 elegans<
181 721 201 753 et
211 714 318 766 speciosa,
333 726 398 765 quum
409 714 463 753 Brix.
474 716 521 754 Ver.
533 715 584 753 Ven.
595 715 639 753 Ald.
650 716 669 755 h.
680 718 730 753 Bon}
741 727 806 764 prae-

84 767 150 804 beant
162 777 251 819 pergunt
264 768 308 814 ubi,
322 766 430 803 Lucretius
444 779 494 805 vero
506 766 632 817 pronomina
645 766 764 817 personalia
775 766 805 805 sio

84 831 145 857 more
156 820 285 857 Graecorum
296 817 375 857 addere
385 818 459 860 soleat.
485 819 540 867 (Vid.
550 819 577 857 ad
586 820 624 867 ΙΙΙ,
636 818 682 859 214.
699 820 736 867 IV,
748 818 803 865 408.)

83 871 206 910 Poor..Brit.
219 873 238 911 1.
248 870 327 909 hahent
339 872 470 923 dispergunt,
484 870 533 909 Brit.
545 872 564 911 3.
576 883 663 923 pergunt
673 886 729 918 cum,
743 872 803 908 Cant.

84 926 126 962 inm
135 934 231 977 pergunt.
253 924 308 964 Har.
320 922 346 971 de
355 922 399 961 suis
408 922 472 966 Codd.
482 922 549 962 altum
558 929 619 961 tenet
629 922 743 972 silentium,
752 935 804 973 quos

84 981 155 1012 tamen
168 975 277 1025 vulgatam
289 986 380 1028 pergunt
397 979 427 1015 sio
444 975 591 1027 suppeditare,
606 974 656 1013 inde
671 987 714 1013 uon
732 974 805 1013 statim

85 1026 179 1078 colligas.
206 1029 251 1065 Imo
265 1028 320 1065 Iunt.
331 1033 352 1064 et
361 1026 406 1067 Ald.
416 1029 435 1069 2,
446 1027 482 1066 hio
497 1027 571 1078 etiam,
582 1033 606 1065 ut
616 1027 741 1079 saepissime,
755 1026 803 1065 vui·

83 1084 145 1131 gatae
157 1078 221 1128 primi
234 1079 303 1116 fontes
314 1078 418 1118 videntur.
466 1115 468 1118 ,
614 1082 617 1084 “

136 1131 194 1177 327.,
209 1131 299 1184 impetis]
318 1132 379 1169 Poor.
390 1130 442 1170 Brix.
452 1133 501 1172 Ver.
512 1131 564 1170 Ven.
575 1132 667 1184 impetus.

136 1195 183 1234 330.
209 1205 230 1233 et
240 1193 330 1243 lenibus]
344 1193 375 1231 sic
384 1195 445 1233 Poor.
455 1194 503 1235 Brit.
511 1196 528 1235 1.
534 1195 554 1235 3.
567 1196 628 1234 Cant.
640 1195 691 1233 Brix.
699 1194 746 1234 Ver.
752 1195 802 1234 Van.

82 1245 130 1286 Ald.
140 1248 158 1286 1.
167 1248 217 1284 Βοη.
228 1246 430 1296 1unt.,..quosWak.
441 1246 541 1296 sequutus
550 1253 587 1285 est.
605 1247 675 1299 Vulgo
684 1261 709 1286 ao
719 1247 802 1293 levibus,

84 1297 147 1349 quod,
161 1296 178 1335 si
187 1298 238 1336 Har.
249 1302 270 1334 et
280 1296 353 1342 Altero
364 1297 442 1348 ubique
452 1298 504 1336 fides
514 1297 588 1342 haberi
596 1305 672 1349 posset,
686 1297 760 1349 utique
771 1298 803 1335 in-

83 1348 299 1439 venirsstffinpwgd'
312 1349 331 1389 1.
343 1349 364 1390 2.
375 1349 437 1390 Bodt.
450 1356 472 1389 et
481 1349 555 1400 Vina,
575 1362 625 1389 vere
637 1356 709 1390 tamen
719 1350 802 1389 exhibe-

81 1407 140 1440 tura
206 1427 211 1438 .
237 1430 243 1440 .

134 1453 181 1493 332
207 1452 271 1501 rara]
288 1451 350 1493 Vind.
361 1451 411 1492 Ver.
421 1451 474 1493 Ve'n.
486 1467 536 1501 ara,
555 1451 609 1491 Brix.
621 1468 681 1500 aera,
695 1459 716 1491 et
727 1465 802 1505 margo

82 1505 131 1545 Ver.
145 1518 185 1556 pro
200 1504 259 1544 varia
273 1504 399 1552 leet-natm
420 1510 495 1543 contra
510 1516 561 1542 vero
574 1505 633 1543 Cant.
645 1517 728 1558 aperta,
749 1508 802 1545 tunt.

83 1568 161 1610 operta,
175 1558 238 1596 Poor.
248 1568 313 1607 astra,
327 1554 409 1597 Brut.
427 1567 504 1605 strato,
516 1555 566 1597 Brit.
575 1557 596 1597 3.
605 1567 671 1596 arcto.
697 1556 757 1596 Wak.
768 1557 801 1594 Ie-

83 1608 174 1647 ctionem
183 1620 257 1661 aperta
265 1609 354 1647 fortasse
364 1621 442 1657 veram,
456 1605 604 1659 antiquissimis
613 1613 684 1646 tamen
693 1608 751 1647 libris
764 1608 801 1647 oh·

82 1661 244 1710 temperandum
260 1668 337 1700 censet.
364 1660 416 1698 Mihi
430 1671 504 1712 aperta
516 1659 550 1699 vix
558 1659 679 1711 quadrare,
700 1660 744 1699 imo
760 1672 801 1698 vox

81 1727 131 1752 roro
143 1725 155 1750 a
165 1712 264 1760 librariis,
278 1713 403 1764 elegantiam
418 1711 527 1750 formulae
534 1724 577 1750 non
588 1711 724 1763 capientibus,
739 1712 800 1750 omis-v

81 1774 111 1814 sa,
124 1763 201 1803 lacuna
212 1776 262 1803 vero
273 1764 295 1802 in
307 1763 462 1818 Codd.aba1iis
473 1763 532 1810 vario
542 1763 609 1815 modo
620 1763 701 1815 expleta
710 1763 800 1803 videtur.

132 1828 179 1868 335.
210 1828 299 1880 natura]
320 1831 370 1867 Bon.
382 1840 477 1870 naturae.
495 1848 523 1856 -
540 1828 644 1879 deorsum]
663 1828 729 1881 Lugd.
746 1830 763 1871 1.
779 1830 799 1870 2.

80 1877 142 1920 Vind.
153 1879 202 1918 Brit.
213 1881 232 1920 3.
242 1881 297 1919 Brix.
308 1882 357 1919 Ver.
369 1882 419 1919 Ven.
431 1879 520 1921 deorum.

132 1945 156 1983 V.
166 1945 212 1985 339.
239 1945 318 1985 Nonius
328 1946 381 1995 VIII,
393 1947 412 1985 2.
425 1944 498 1983 laudat
509 1945 536 1982 oh
546 1943 651 1983 rariorem
661 1944 755 1983 formam
764 1947 799 1984 iti-

80 2012 123 2044 ner,
130 1996 188 2035 cuius
197 1996 259 2047 plura
270 1998 365 2048 exempla
372 2009 396 2036 ex
405 1997 476 2045 Accio,
483 1996 556 2043 Ennio,
567 1998 668 2046 Varrone,
675 1996 748 2035 Plauto
757 2004 797 2037 etc.

80 2048 149 2096 affert,
163 2049 237 2100 quibus
247 2049 306 2088 addit
314 2050 375 2090 Wak.
385 2049 455 2090 Manil.
465 2052 480 2097 1,
487 2049 524 2096 Ι88.
537 2055 558 2086 et
568 2051 652 2089 Iurene.
663 2048 712 2087 hist.
725 2061 798 2100 evang.

80 2100 116 2147 IV,
126 2101 158 2139 73.
186 2100 245 2140 Gonf.
264 2102 327 2140 etiam
340 2101 445 2140 Charisius
455 2113 476 2150 p.
487 2102 518 2141 16.
532 2097 564 2141 34.
577 2108 598 2139 et
609 2103 654 2141 109.
665 2102 686 2139 P.
698 2100 797 2139 Priscian.

80 2151 117 2199 VI,
127 2153 147 2192 7.
157 2156 175 2195 S.
187 2153 220 2193 38.
232 2153 267 2204 (p.
279 2154 324 2195 695.
334 2154 371 2203 P.)
384 2160 405 2191 et
415 2152 488 2191 Isidor.
506 2152 576 2204 Origg.
587 2154 633 2200 XV,
648 2154 680 2193 16.
695 2153 727 2203 (p.
740 2154 798 2192 120&

81 2203 157 2251 Goth.)
177 2206 274 2243 Ceterum
282 2205 363 2244 Nonius
371 2218 409 2255 pro
418 2207 489 2259 plagis
500 2217 612 2256 perperam
621 2204 704 2243 exhibet
713 2206 797 2255 gladiis.

131 2255 176 2296 345.
203 2258 326 2305 coniiciens]
340 2255 406 2296 Wak,
423 2269 472 2296 cnm
485 2258 544 2297 cant.
560 2259 668 2297 coniciens·
695 2255 760 2308 (Redi
771 2255 798 2297 ad

79 2312 153 2346 notam
164 2310 189 2358 H,
203 2310 248 2350 951.
262 2309 408 2360 adscriptam.)

131 2359 177 2400 3462
204 2362 313 2413 Forsitan]
327 2361 422 2401 itaWak.
434 2374 460 2401 ex
468 2360 565 2401 omuibus
575 2360 621 2400 fere
630 2359 688 2399 libris
695 2359 797 2409 restituit;

78 2410 233 2464 vuigoForsan
249 2426 280 2463 et,
299 2421 322 2454 ut
338 2415 395 2453 solae
409 2414 455 2454 ΑΜ.
467 2418 485 2455 1.
494 2416 513 2454 2.
530 2416 581 2454 Bou.
597 2414 654 2455 Iunt.
667 2434 694 2443 ·-
713 2414 796 2465 tratas]

78 2465 131 2506 Har.
142 2466 214 2514 trahit,
227 2472 302 2518 aperto
314 2467 473 2520 typothetarum
484 2472 581 2519 peccato.
