1690 2654
104 82 153 128 uo
326 84 604 145 annovav1onus

106 195 162 233 xime
178 194 273 235 offendit.
299 195 409 234 Lucretius
421 195 488 245 enim,
509 195 595 233 omnino
613 193 639 234 de
657 207 719 233 causa
734 193 824 234 inunda-

106 247 170 285 tionis
185 248 324 299 loquuturus,
338 255 410 286 utrum
426 260 487 299 saepe
496 253 590 294 tantum,
602 248 753 298 ein-quotannis
765 247 824 286 Nilus

106 312 170 350 super
180 300 235 351 ripas
247 300 372 349 effundatur,
385 300 475 338 inomni
488 300 535 338 loco
550 300 612 352 plane
622 313 665 338 non
681 306 745 349 curat,
760 312 824 350 quare

106 351 160 390 illud
171 367 242 406 saepe,
263 366 303 404 quo
315 353 408 404 priorem
420 353 546 390 sententiam
562 352 700 390 universalem
712 353 826 403 restringe-

107 410 151 447 ret,
165 417 208 451 non
218 418 255 442 suo
265 405 314 443 loco
325 405 418 452 videtur,
438 411 495 442 certe
508 404 527 442 si
535 404 577 442 lroc
587 403 684 442 voluisset
695 411 776 453 noster,
789 407 825 441 in-

41 478 43 482 ·
107 456 192 493 terdum
202 457 267 494 etiam
280 471 322 495 non
334 457 438 495 exundare
449 457 529 507 Nilum,
542 457 717 508 insequentibus,
729 456 825 507 inprimis

107 509 144 546 ubi
157 508 247 547 alteram
260 522 344 548 causam
355 509 425 547 iudea
437 522 455 548 v.
467 510 513 549 725.
527 509 594 559 affert,
607 509 679 559 paucis
691 515 747 546 certe
757 508 825 546 verbis

107 560 227 611 indicasset,
241 561 281 599 hac
291 561 369 613 ipsein
379 574 403 599 re
412 562 476 599 situm
486 574 536 610 esse,
552 561 607 612 quod
617 561 726 599 inundatio
737 560 773 598 illa
782 573 825 598 non

108 613 182 664 quovis
198 626 253 652 anno
268 615 340 652 locum
352 614 435 653 habeat.
462 616 531 660 Quare
543 613 612 662 potius
627 613 684 650 hunc
695 625 789 663 versum,
803 613 825 650 in

108 666 206 703 omnibus
223 678 273 704 sane
287 666 350 704 Godd.
368 673 517 716 apparentem,
542 664 715 716 antiquitustam
731 665 825 703 additum

107 724 159 768 puto
173 718 199 754 ab
211 718 309 767 homine,
331 718 365 769 qui
376 717 454 768 partim
467 716 535 755 verbis
549 720 665 770 campisque
678 720 780 757 redundat
790 731 826 755 ac-

108 769 209 808 curatiori
218 770 391 820 interpretatione
403 783 454 818 opus
465 782 508 808 esse
516 775 607 819 putaret,
620 769 697 820 partim
708 769 826 808 doctrinam

107 834 178 870 suain,
193 835 253 872 quae
262 823 339 861 Nilum
352 822 458 860 interdum
474 822 557 859 alveum
572 834 615 859 non
630 821 738 859 excessisse
755 821 825 871 sciret,

109 873 219 926 ostendere
230 874 320 913 vellet.“
348 876 381 913 Sic
392 874 465 925 scripsi
475 874 497 911 in
508 874 560 913 Diss.
573 887 621 911 mea
631 874 658 912 de
670 876 732 912 Lucr.
742 887 762 924 p.
773 875 799 914 73
809 886 833 914 s..

108 941 205 1031 Xffillssdl.
239 941 364 993 Aquilones]
388 938 449 980 Wak.
472 937 566 977 conferri
586 938 644 977 iubet
665 938 740 980 Isidor.
755 938 824 991 Origg.

161 1020 167 1039 ,
207 1020 212 1029 .

161 1057 206 1096 717.
233 1057 259 1093 In
269 1056 311 1094 hoc
323 1047 384 1094 versit
394 1055 475 1094 edendo
486 1056 599 1095 cumWalr.
607 1063 705 1108 sequutus
714 1069 759 1094 sum
767 1060 825 1095 Cant,

108 1109 162 1147 lunt.
179 1113 200 1144 et
211 1107 256 1146 Ald.
267 1110 297 1156 2.,
313 1121 326 1146 a
338 1122 428 1159 quorum
442 1108 546 1159 scriptura
559 1122 602 1146 nou
612 1122 740 1160 magnopere
755 1109 826 1146 differt

108 1159 173 1197 lectio
188 1163 224 1212 qui
237 1164 305 1199 Etesii
315 1176 357 1200 esse
370 1162 477 1211 feruntur,
493 1173 567 1210 quam,
586 1162 683 1199 aVossio
699 1163 721 1198 in
730 1161 825 1212 margine

90 1233 96 1261 5
110 1212 201 1262 exempli
211 1212 244 1249 sui
253 1212 354 1262 positam,
372 1212 462 1263 Preiger.
475 1213 618 1263 comprobat,
631 1215 667 1264 qui
677 1220 735 1251 recte
747 1219 824 1263 censet,

109 1276 286 1314 supervacaneam
296 1265 359 1302 metri
370 1277 441 1302 curam
455 1277 526 1302 ansam
537 1265 616 1310 dedisse
626 1279 709 1303 versum
720 1266 826 1318 corrigen-

109 1315 137 1353 di.
163 1317 188 1353 ln
199 1315 318 1354 nominibus
330 1316 418 1367 propriis
432 1317 486 1354 enim
497 1331 540 1365 non
549 1317 616 1354 solnm
628 1318 734 1356 elisionem
745 1318 826 1369 saepius

108 1368 239 1420 neglectam,
258 1368 301 1406 imo
314 1369 378 1406 etiam
392 1368 545 1407 nominativum
555 1369 641 1420 pluralis
655 1370 678 1407 in
689 1387 713 1410 ae
729 1377 777 1414 ante
791 1383 825 1408 se-

110 1427 210 1472 quentem
219 1421 315 1459 vocalem
324 1434 384 1459 more
397 1423 527 1459 Graecorum
538 1421 572 1459 hic
582 1422 611 1460 ibi
621 1429 743 1473 correptum
754 1422 825 1473 fuisse,

108 1486 152 1511 non
169 1479 200 1511 est
213 1472 353 1525 incognitum.
381 1475 451 1523 (Loco
469 1487 481 1512 a
497 1473 558 1514 Wak.
575 1473 597 1512 in
616 1471 735 1525 exemplum
753 1475 826 1524 allato,

94 1525 167 1577 .Virg.
179 1527 229 1564 Geo.
240 1528 273 1573 IV,
287 1525 331 1567 461.
349 1528 482 1580 Rhodopeiae
495 1542 563 1575 arces,
584 1526 637 1565 adde
654 1526 718 1566 eiusd.
728 1530 778 1568 Aen.
789 1530 825 1577 Ill,

109 1579 154 1617 211.
169 1580 252 1618 Insulae
262 1582 334 1627 Ionio,
354 1579 421 1629 etqui
431 1585 479 1616 ante
489 1592 560 1617 omnes
570 1578 612 1627 huc
623 1579 724 1630 quadrat,
740 1581 781 1619 Cic.
791 1582 825 1618 Or.

110 1643 128 1668 c.
140 1627 173 1670 45.
183 1633 266 1670 Etesiae
276 1634 298 1671 in
308 1632 451 1683 cataponti.)
471 1631 539 1683 Vulgo
550 1630 627 1680 legitur
638 1647 679 1684 quo
689 1636 772 1671 Etesiae
778 1634 825 1684 fla-

109 1683 259 1734 hraferuntur,
274 1695 285 1720 e
296 1683 392 1721 Lambini
405 1683 532 1722 coniectura.
550 1682 607 1720 Libri
618 1684 647 1721 sic
655 1683 825 1726 'varianttViud

109 1732 159 1771 Brit.
171 1735 190 1773 3.
203 1736 290 1787 quietes
299 1737 329 1773 ire
340 1749 389 1782 esse,
408 1736 456 1772 Ver.
465 1736 515 1775 Ven.
527 1737 562 1788 qui
572 1746 614 1774 ete-r
622 1747 645 1775 ut
655 1751 704 1783 esse,
718 1737 778 1784 Poor.
790 1738 826 1789 qui

109 1788 186 1824 etesiae
196 1789 272 1836 inesse,
290 1786 343 1827 Brit.
355 1788 373 1826 1.
385 1786 438 1830 BrjX.
450 1791 526 1841 quietes
537 1790 558 1825 in
569 1797 622 1835 esse',
641 1786 691 1828 ssrit'.
700 1789 719 1829 3.
734 1804 772 1842 quo
783 1799 826 1828 etes

109 1841 140 1877 ire
150 1853 200 1886 esse,
214 1838 259 1882 Ald.
271 1839 289 1878 1.
299 1839 351 1877 Bon.
362 1855 401 1891 quo
412 1842 496 1878 Etesiae
506 1840 586 1891 efflare,
601 1839 649 1879 Cod.
660 1841 680 1876 Μ
682 1853 744 1877 emm·
751 1840 825 1878 Lamb.

109 1905 149 1942 quo
163 1893 236 1929 Etesia
249 1891 334 1943 efflare,
346 1890 433 1941 plurimi
445 1890 480 1939 (l)
493 1891 565 1929 Lamh.
574 1890 622 1928 libri
634 1908 673 1945 quo
685 1895 756 1931 Etesia
762 1896 824 1945 flare.

106 1943 277 2030 plavdercampum
292 1943 317 1981 de
331 1943 373 1981 suis
384 1943 446 1983 Godd.
456 1955 540 1994 prorsus
556 1949 640 1991 tacere,
661 1943 722 1982 valde
739 1951 769 1983 est
785 1944 824 1983 do-

119 2005 144 2031 en
160 2007 202 2032 um.
440 2003 445 2007 ¹

161 2032 823 2095 ummffiffifflfflmmmmu

109 2118 136 2128 -·
148 2097 240 2146 manere]
260 2097 326 2150 Lugd.
337 2100 357 2138 1.
368 2098 428 2136 Vind.
444 2100 506 2137 Poor.
517 2098 566 2138 Brit.
577 2099 595 2137 l.
607 2100 626 2139 3.
643 2098 703 2139 Cant.
712 2099 766 2137 ssrix.
775 2101 823 2139 Ver.

109 2150 161 2189 Ven.
174 2165 264 2189 nzenare.
636 2169 639 2172 ⁴

161 2195 825 2266 mmmmmmmwmmu

109 2266 166 2303 Iunt.
179 2271 200 2302 et
209 2265 253 2303 Ald.
262 2267 293 2314 2.,
308 2278 362 2316 quae
371 2267 413 2304 iam
422 2266 529 2319 vulgatam
540 2267 642 2316 praebent
651 2283 665 2307 a
674 2269 745 2307 stellis.
764 2267 824 2307 Wak.

110 2318 155 2356 sine
167 2330 229 2355 causa
240 2317 317 2356 idonea
327 2318 380 2357 coni.
392 2321 445 2372 quae
453 2321 518 2372 gelidi
528 2320 564 2358 sub
574 2321 641 2358 stellis
649 2323 700 2370 *an-is
709 2322 798 2359 alantur.

161 2384 207 2423 722.
231 2393 293 2435 parte
303 2382 364 2421 Wak.
380 2377 495 2421 rectissime
509 2382 600 2419 restituit
611 2395 621 2419 e
631 2382 693 2421 Vind.
704 2385 763 2422 Poor.
776 2385 824 2422 urit.

110 2437 130 2474 1.
143 2436 161 2475 3.
178 2437 234 2472 Cant.
245 2438 305 2480 Ven,
325 2434 398 2485 quibus
408 2435 461 2472 adde
472 2434 525 2473 Brir.
537 2435 588 2473 Ven.
601 2433 645 2474 Ald.
658 2436 676 2474 l.
688 2442 708 2473 et
720 2439 782 2486 Bou,
795 2436 825 2475 ita

110 2493 134 2525 ut
146 2487 236 2540 vulgaris
244 2489 304 2540 parti
315 2486 495 2538 (si'fiavercampi
504 2485 567 2525 Godd.
578 2486 674 2537 excipias,
687 2500 729 2526 non
741 2500 824 2539 semper
