<?xml version="1.0" encoding="UTF-8"?>
<!DOCTYPE html PUBLIC "-//W3C//DTD XHTML 1.0 Transitional//EN"
    "http://www.w3.org/TR/xhtml1/DTD/xhtml1-transitional.dtd">
<html xmlns="http://www.w3.org/1999/xhtml" xml:lang="en" lang="en">
 <head>
  <title>
</title>
<meta http-equiv="Content-Type" content="text/html;charset=utf-8" />
  <meta name='ocr-system' content='tesseract 3.04.00' />
  <meta name='ocr-capabilities' content='ocr_page ocr_carea ocr_par ocr_line ocrx_word'/>
</head>
<body>
  <div class='ocr_page' id='page_1' title='image "./MN40048ucmf_3_0307.png"; bbox 0 0 1690 2654; ppageno 0'>
   <div class='ocr_carea' id='block_1_1' title="bbox 244 51 780 118">
    <p class='ocr_par' dir='ltr' id='par_1_1' title="bbox 244 51 780 118">
     <span class='ocr_line' id='line_1_1' title="bbox 244 51 780 118; baseline -0.022 -20"><span class='ocrx_word' id='word_1_1' title='bbox 244 58 285 98; x_wconf 74' lang='lat' dir='ltr'><strong>tu</strong></span> <span class='ocrx_word' id='word_1_2' title='bbox 302 55 438 98; x_wconf 71' lang='lat' dir='ltr'><strong>mertun</strong></span> <span class='ocrx_word' id='word_1_3' title='bbox 453 51 599 118; x_wconf 58' lang='lat' dir='ltr'><strong>eugunio</strong></span> <span class='ocrx_word' id='word_1_4' title='bbox 733 52 780 98; x_wconf 76' lang='lat'><strong>221</strong></span> 
     </span>
    </p>
   </div>
   <div class='ocr_carea' id='block_1_2' title="bbox 17 162 779 2386">
    <p class='ocr_par' dir='ltr' id='par_1_2' title="bbox 62 162 779 373">
     <span class='ocr_line' id='line_1_2' title="bbox 63 162 779 217; baseline 0 -14"><span class='ocrx_word' id='word_1_5' title='bbox 63 164 115 203; x_wconf 78' lang='lat' dir='ltr'><strong>elias</strong></span> <span class='ocrx_word' id='word_1_6' title='bbox 129 178 191 203; x_wconf 88' lang='lat' dir='ltr'><strong>voces</strong></span> <span class='ocrx_word' id='word_1_7' title='bbox 209 167 293 216; x_wconf 83' lang='lat' dir='ltr'><strong>attinet,</strong></span> <span class='ocrx_word' id='word_1_8' title='bbox 306 180 349 204; x_wconf 91' lang='lat' dir='ltr'><strong>non</strong></span> <span class='ocrx_word' id='word_1_9' title='bbox 367 167 389 203; x_wconf 88' lang='lat' dir='ltr'><strong>in</strong></span> <span class='ocrx_word' id='word_1_10' title='bbox 404 170 422 205; x_wconf 77' lang='lat' dir='ltr'><strong>is</strong></span> <span class='ocrx_word' id='word_1_11' title='bbox 441 172 547 203; x_wconf 84' lang='lat' dir='ltr'><strong>exeuntes:</strong></span> <span class='ocrx_word' id='word_1_12' title='bbox 561 164 671 217; x_wconf 71' lang='lat' dir='ltr'><strong>*contagi,</strong></span> <span class='ocrx_word' id='word_1_13' title='bbox 685 166 718 212; x_wconf 84' lang='grc' dir='ltr'>ΙΙΙ,</span> <span class='ocrx_word' id='word_1_14' title='bbox 734 162 779 203; x_wconf 75' lang='lat'><strong>734.</strong></span> 
     </span>
     <span class='ocr_line' id='line_1_3' title="bbox 63 217 779 269; baseline -0.001 -13"><span class='ocrx_word' id='word_1_15' title='bbox 63 218 129 264; x_wconf 82' lang='lat' dir='ltr'><strong>imbri,</strong></span> <span class='ocrx_word' id='word_1_16' title='bbox 143 218 159 265; x_wconf 86' lang='grc' dir='ltr'><strong>Ι,</strong></span> <span class='ocrx_word' id='word_1_17' title='bbox 171 220 216 258; x_wconf 71' lang='lat'><strong>287.</strong></span> <span class='ocrx_word' id='word_1_18' title='bbox 228 222 272 259; x_wconf 83' lang='lat'><strong>716.</strong></span> <span class='ocrx_word' id='word_1_19' title='bbox 287 226 307 257; x_wconf 86' lang='lat' dir='ltr'><strong>et</strong></span> <span class='ocrx_word' id='word_1_20' title='bbox 317 219 377 267; x_wconf 77' lang='lat' dir='ltr'><strong>alibi3</strong></span> <span class='ocrx_word' id='word_1_21' title='bbox 392 217 456 267; x_wconf 51' lang='lat' dir='ltr'><strong>*labi</strong></span> <span class='ocrx_word' id='word_1_22' title='bbox 468 219 491 266; x_wconf 84' lang='lat' dir='ltr'><strong>V,</strong></span> <span class='ocrx_word' id='word_1_23' title='bbox 503 219 548 257; x_wconf 67' lang='lat'><strong>928.</strong></span> <span class='ocrx_word' id='word_1_24' title='bbox 559 219 605 262; x_wconf 80' lang='lat' dir='ltr'><strong>luci,</strong></span> <span class='ocrx_word' id='word_1_25' title='bbox 617 219 649 262; x_wconf 79' lang='lat' dir='ltr'><strong>tv,</strong></span> <span class='ocrx_word' id='word_1_26' title='bbox 659 217 706 256; x_wconf 64' lang='lat'><strong>236.</strong></span> <span class='ocrx_word' id='word_1_27' title='bbox 713 217 779 269; x_wconf 72' lang='lat' dir='ltr'><strong>panti,</strong></span> 
     </span>
     <span class='ocr_line' id='line_1_4' title="bbox 62 266 778 321; baseline -0.01 -8"><span class='ocrx_word' id='word_1_28' title='bbox 62 266 190 314; x_wconf 74' lang='lat' dir='ltr'><strong>1.1104·Ill.</strong></span> <span class='ocrx_word' id='word_1_29' title='bbox 203 272 247 311; x_wconf 85' lang='grc'><strong>610.</strong></span> <span class='ocrx_word' id='word_1_30' title='bbox 259 277 279 309; x_wconf 84' lang='lat' dir='ltr'><strong>et</strong></span> <span class='ocrx_word' id='word_1_31' title='bbox 290 271 376 321; x_wconf 82' lang='lat' dir='ltr'><strong>saepius.</strong></span> <span class='ocrx_word' id='word_1_32' title='bbox 388 271 491 319; x_wconf 84' lang='lat' dir='ltr'><strong>(Formae,</strong></span> <span class='ocrx_word' id='word_1_33' title='bbox 504 269 578 320; x_wconf 86' lang='lat' dir='ltr'><strong>quibus</strong></span> <span class='ocrx_word' id='word_1_34' title='bbox 585 268 707 307; x_wconf 78' lang='lat' dir='ltr'><strong>asteriscum</strong></span> <span class='ocrx_word' id='word_1_35' title='bbox 717 279 778 320; x_wconf 68' lang='lat' dir='ltr'><strong>pree-</strong></span> 
     </span>
     <span class='ocr_line' id='line_1_5' title="bbox 62 320 656 373; baseline -0.003 -15"><span class='ocrx_word' id='word_1_36' title='bbox 62 320 104 370; x_wconf 80' lang='lat' dir='ltr'><strong>fixi,</strong></span> <span class='ocrx_word' id='word_1_37' title='bbox 119 321 175 371; x_wconf 83' lang='lat' dir='ltr'><strong>apud</strong></span> <span class='ocrx_word' id='word_1_38' title='bbox 184 323 235 359; x_wconf 81' lang='lat' dir='ltr'><strong>alios</strong></span> <span class='ocrx_word' id='word_1_39' title='bbox 248 324 359 373; x_wconf 81' lang='lat' dir='ltr'><strong>scriptores</strong></span> <span class='ocrx_word' id='word_1_40' title='bbox 370 334 412 359; x_wconf 87' lang='lat' dir='ltr'><strong>uon</strong></span> <span class='ocrx_word' id='word_1_41' title='bbox 422 333 533 358; x_wconf 82' lang='lat' dir='ltr'><strong>occurrere</strong></span> <span class='ocrx_word' id='word_1_42' title='bbox 543 320 656 368; x_wconf 83' lang='lat' dir='ltr'><strong>videntur.)</strong></span> 
     </span>
    </p>

    <p class='ocr_par' dir='ltr' id='par_1_3' title="bbox 61 371 779 679">
     <span class='ocr_line' id='line_1_6' title="bbox 114 371 779 424; baseline -0.003 -12"><span class='ocrx_word' id='word_1_43' title='bbox 114 374 159 412; x_wconf 80' lang='lat'><strong>986.</strong></span> <span class='ocrx_word' id='word_1_44' title='bbox 186 376 301 424; x_wconf 71' lang='lat' dir='ltr'><strong>confluxet]</strong></span> <span class='ocrx_word' id='word_1_45' title='bbox 316 375 349 410; x_wconf 81' lang='lat' dir='ltr'><strong>Sic</strong></span> <span class='ocrx_word' id='word_1_46' title='bbox 360 374 402 409; x_wconf 84' lang='lat' dir='ltr'><strong>iam</strong></span> <span class='ocrx_word' id='word_1_47' title='bbox 412 373 485 409; x_wconf 80' lang='lat' dir='ltr'><strong>Lanrb.</strong></span> <span class='ocrx_word' id='word_1_48' title='bbox 495 385 507 409; x_wconf 87' lang='lat' dir='ltr'><strong>e</strong></span> <span class='ocrx_word' id='word_1_49' title='bbox 515 372 573 408; x_wconf 85' lang='lat' dir='ltr'><strong>libris</strong></span> <span class='ocrx_word' id='word_1_50' title='bbox 584 371 632 419; x_wconf 85' lang='lat' dir='ltr'><strong>suis,</strong></span> <span class='ocrx_word' id='word_1_51' title='bbox 649 379 669 409; x_wconf 89' lang='lat' dir='ltr'><strong>et</strong></span> <span class='ocrx_word' id='word_1_52' title='bbox 680 385 779 422; x_wconf 87' lang='lat' dir='ltr'><strong>compro·</strong></span> 
     </span>
     <span class='ocr_line' id='line_1_7' title="bbox 61 422 778 473; baseline 0 -10"><span class='ocrx_word' id='word_1_53' title='bbox 61 424 114 463; x_wconf 79' lang='lat' dir='ltr'><strong>bant</strong></span> <span class='ocrx_word' id='word_1_54' title='bbox 125 424 180 461; x_wconf 83' lang='lat' dir='ltr'><strong>hanc</strong></span> <span class='ocrx_word' id='word_1_55' title='bbox 191 424 305 462; x_wconf 85' lang='lat' dir='ltr'><strong>lectionem</strong></span> <span class='ocrx_word' id='word_1_56' title='bbox 317 423 382 462; x_wconf 89' lang='lat' dir='ltr'><strong>Codd.</strong></span> <span class='ocrx_word' id='word_1_57' title='bbox 395 423 459 473; x_wconf 78' lang='lat' dir='ltr'><strong>Lugd.</strong></span> <span class='ocrx_word' id='word_1_58' title='bbox 471 424 490 463; x_wconf 75' lang='lat'><strong>2.</strong></span> <span class='ocrx_word' id='word_1_59' title='bbox 500 422 549 461; x_wconf 83' lang='lat' dir='ltr'><strong>Brit.</strong></span> <span class='ocrx_word' id='word_1_60' title='bbox 563 424 581 462; x_wconf 81' lang='grc'><strong>1.</strong></span> <span class='ocrx_word' id='word_1_61' title='bbox 600 435 648 460; x_wconf 83' lang='lat' dir='ltr'><strong>curn</strong></span> <span class='ocrx_word' id='word_1_62' title='bbox 662 423 720 464; x_wconf 82' lang='lat' dir='ltr'><strong>editt.</strong></span> <span class='ocrx_word' id='word_1_63' title='bbox 731 423 778 464; x_wconf 73' lang='lat' dir='ltr'><strong>lid.</strong></span> 
     </span>
     <span class='ocr_line' id='line_1_8' title="bbox 62 474 778 528; baseline 0 -13"><span class='ocrx_word' id='word_1_64' title='bbox 62 477 81 515; x_wconf 85' lang='lat'><strong>1.</strong></span> <span class='ocrx_word' id='word_1_65' title='bbox 99 477 118 514; x_wconf 73' lang='lat'><strong>2.</strong></span> <span class='ocrx_word' id='word_1_66' title='bbox 134 477 184 514; x_wconf 87' lang='lat' dir='ltr'><strong>Bon.</strong></span> <span class='ocrx_word' id='word_1_67' title='bbox 198 478 252 514; x_wconf 85' lang='lat' dir='ltr'><strong>lunt.</strong></span> <span class='ocrx_word' id='word_1_68' title='bbox 279 475 348 513; x_wconf 86' lang='lat' dir='ltr'><strong>Ceteri</strong></span> <span class='ocrx_word' id='word_1_69' title='bbox 362 476 411 513; x_wconf 82' lang='lat' dir='ltr'><strong>libri</strong></span> <span class='ocrx_word' id='word_1_70' title='bbox 429 476 477 511; x_wconf 79' lang='lat' dir='ltr'><strong>illst.</strong></span> <span class='ocrx_word' id='word_1_71' title='bbox 495 480 517 512; x_wconf 86' lang='lat' dir='ltr'><strong>et</strong></span> <span class='ocrx_word' id='word_1_72' title='bbox 533 480 582 512; x_wconf 85' lang='lat' dir='ltr'><strong>vett.</strong></span> <span class='ocrx_word' id='word_1_73' title='bbox 598 474 656 512; x_wconf 82' lang='lat' dir='ltr'><strong>editt.</strong></span> <span class='ocrx_word' id='word_1_74' title='bbox 673 478 778 528; x_wconf 71' lang='lat' dir='ltr'><strong>confluxit.</strong></span> 
     </span>
     <span class='ocr_line' id='line_1_9' title="bbox 61 527 777 579; baseline -0.001 -15"><span class='ocrx_word' id='word_1_75' title='bbox 61 527 95 564; x_wconf 91' lang='lat' dir='ltr'><strong>De</strong></span> <span class='ocrx_word' id='word_1_76' title='bbox 106 527 177 563; x_wconf 84' lang='lat' dir='ltr'><strong>forma</strong></span> <span class='ocrx_word' id='word_1_77' title='bbox 188 533 295 563; x_wconf 78' lang='lat' dir='ltr'><strong>contracta</strong></span> <span class='ocrx_word' id='word_1_78' title='bbox 303 540 353 564; x_wconf 87' lang='lat' dir='ltr'><strong>vero</strong></span> <span class='ocrx_word' id='word_1_79' title='bbox 365 530 467 579; x_wconf 73' lang='lat' dir='ltr'><strong>confluxet</strong></span> <span class='ocrx_word' id='word_1_80' title='bbox 477 538 515 577; x_wconf 85' lang='lat' dir='ltr'><strong>pro</strong></span> <span class='ocrx_word' id='word_1_81' title='bbox 530 528 661 577; x_wconf 75' lang='lat' dir='ltr'><strong>confluxisset</strong></span> <span class='ocrx_word' id='word_1_82' title='bbox 676 532 696 563; x_wconf 87' lang='lat' dir='ltr'><strong>et</strong></span> <span class='ocrx_word' id='word_1_83' title='bbox 711 528 736 563; x_wconf 89' lang='lat' dir='ltr'><strong>de</strong></span> <span class='ocrx_word' id='word_1_84' title='bbox 750 527 777 563; x_wconf 91' lang='lat' dir='ltr'><strong>si-</strong></span> 
     </span>
     <span class='ocr_line' id='line_1_10' title="bbox 61 576 777 628; baseline 0 -13"><span class='ocrx_word' id='word_1_85' title='bbox 61 577 145 615; x_wconf 83' lang='lat' dir='ltr'><strong>milibus</strong></span> <span class='ocrx_word' id='word_1_86' title='bbox 159 578 215 616; x_wconf 87' lang='lat' dir='ltr'><strong>conf.</strong></span> <span class='ocrx_word' id='word_1_87' title='bbox 230 579 303 616; x_wconf 81' lang='lat' dir='ltr'><strong>Lemb.</strong></span> <span class='ocrx_word' id='word_1_88' title='bbox 318 578 391 618; x_wconf 76' lang='lat' dir='ltr'><strong>Faber.</strong></span> <span class='ocrx_word' id='word_1_89' title='bbox 406 577 465 617; x_wconf 80' lang='lat' dir='ltr'><strong>Wak.</strong></span> <span class='ocrx_word' id='word_1_90' title='bbox 482 577 508 615; x_wconf 84' lang='lat' dir='ltr'><strong>ad</strong></span> <span class='ocrx_word' id='word_1_91' title='bbox 520 576 541 617; x_wconf 90' lang='lat' dir='ltr'><strong>h.</strong></span> <span class='ocrx_word' id='word_1_92' title='bbox 551 577 566 616; x_wconf 94' lang='lat' dir='ltr'><strong>l.</strong></span> <span class='ocrx_word' id='word_1_93' title='bbox 580 577 686 628; x_wconf 77' lang='lat' dir='ltr'><strong>iidemque</strong></span> <span class='ocrx_word' id='word_1_94' title='bbox 702 584 723 615; x_wconf 89' lang='lat' dir='ltr'><strong>et</strong></span> <span class='ocrx_word' id='word_1_95' title='bbox 738 590 777 617; x_wconf 90' lang='lat' dir='ltr'><strong>nos</strong></span> 
     </span>
     <span class='ocr_line' id='line_1_11' title="bbox 61 628 308 679; baseline 0.004 -11"><span class='ocrx_word' id='word_1_96' title='bbox 61 628 89 668; x_wconf 78' lang='lat' dir='ltr'><strong>ad</strong></span> <span class='ocrx_word' id='word_1_97' title='bbox 98 630 113 678; x_wconf 97' lang='grc' dir='ltr'><strong>Ι,</strong></span> <span class='ocrx_word' id='word_1_98' title='bbox 126 630 158 668; x_wconf 82' lang='lat'><strong>71.</strong></span> <span class='ocrx_word' id='word_1_99' title='bbox 171 631 196 679; x_wconf 88' lang='grc' dir='ltr'><strong>ΙΙ,</strong></span> <span class='ocrx_word' id='word_1_100' title='bbox 209 628 254 669; x_wconf 80' lang='grc'><strong>314.</strong></span> <span class='ocrx_word' id='word_1_101' title='bbox 269 637 308 669; x_wconf 84' lang='lat' dir='ltr'><strong>etc.</strong></span> 
     </span>
    </p>

    <p class='ocr_par' dir='ltr' id='par_1_4' title="bbox 60 680 778 938">
     <span class='ocr_line' id='line_1_12' title="bbox 113 680 776 734; baseline 0.002 -15"><span class='ocrx_word' id='word_1_102' title='bbox 113 682 158 720; x_wconf 86' lang='lat'>995.</span> <span class='ocrx_word' id='word_1_103' title='bbox 186 680 319 734; x_wconf 74' lang='lat' dir='ltr'><strong>infernaque]</strong></span> <span class='ocrx_word' id='word_1_104' title='bbox 344 680 408 718; x_wconf 90' lang='lat' dir='ltr'><strong>lectio</strong></span> <span class='ocrx_word' id='word_1_105' title='bbox 425 680 519 718; x_wconf 90' lang='lat' dir='ltr'><strong>omnium</strong></span> <span class='ocrx_word' id='word_1_106' title='bbox 541 680 604 718; x_wconf 88' lang='lat' dir='ltr'><strong>Codd.</strong></span> <span class='ocrx_word' id='word_1_107' title='bbox 620 687 640 717; x_wconf 88' lang='lat' dir='ltr'><strong>et</strong></span> <span class='ocrx_word' id='word_1_108' title='bbox 655 680 713 720; x_wconf 84' lang='lat' dir='ltr'><strong>editt.</strong></span> <span class='ocrx_word' id='word_1_109' title='bbox 725 686 776 720; x_wconf 68' lang='lat' dir='ltr'><strong>vett.</strong></span> 
     </span>
     <span class='ocr_line' id='line_1_13' title="bbox 60 732 778 784; baseline 0 -15"><span class='ocrx_word' id='word_1_110' title='bbox 60 738 146 784; x_wconf 79' lang='lat' dir='ltr'><strong>praeter</strong></span> <span class='ocrx_word' id='word_1_111' title='bbox 157 732 202 772; x_wconf 82' lang='lat' dir='ltr'><strong>Ald.</strong></span> <span class='ocrx_word' id='word_1_112' title='bbox 215 734 232 771; x_wconf 91' lang='grc'><strong>1.</strong></span> <span class='ocrx_word' id='word_1_113' title='bbox 243 735 262 772; x_wconf 78' lang='lat'><strong>2.</strong></span> <span class='ocrx_word' id='word_1_114' title='bbox 281 736 331 773; x_wconf 82' lang='lat' dir='ltr'><strong>Bon.</strong></span> <span class='ocrx_word' id='word_1_115' title='bbox 342 737 401 779; x_wconf 74' lang='lat' dir='ltr'><strong>lunt..</strong></span> <span class='ocrx_word' id='word_1_116' title='bbox 412 739 470 769; x_wconf 85' lang='lat' dir='ltr'><strong>recte</strong></span> <span class='ocrx_word' id='word_1_117' title='bbox 485 745 497 768; x_wconf 82' lang='lat' dir='ltr'>a</span> <span class='ocrx_word' id='word_1_118' title='bbox 508 732 568 770; x_wconf 81' lang='lat' dir='ltr'><strong>Wuk.</strong></span> <span class='ocrx_word' id='word_1_119' title='bbox 580 732 603 769; x_wconf 86' lang='lat' dir='ltr'><strong>in</strong></span> <span class='ocrx_word' id='word_1_120' title='bbox 614 738 736 770; x_wconf 79' lang='lat' dir='ltr'><strong>contextum</strong></span> <span class='ocrx_word' id='word_1_121' title='bbox 744 745 778 769; x_wconf 87' lang='lat' dir='ltr'><strong>re-</strong></span> 
     </span>
     <span class='ocr_line' id='line_1_14' title="bbox 62 783 777 836; baseline 0 -14"><span class='ocrx_word' id='word_1_122' title='bbox 62 790 134 833; x_wconf 84' lang='lat' dir='ltr'><strong>cepta,</strong></span> <span class='ocrx_word' id='word_1_123' title='bbox 153 790 226 836; x_wconf 80' lang='lat' dir='ltr'><strong>utpote</strong></span> <span class='ocrx_word' id='word_1_124' title='bbox 242 798 283 834; x_wconf 76' lang='lat' dir='ltr'><strong>que</strong></span> <span class='ocrx_word' id='word_1_125' title='bbox 298 785 361 821; x_wconf 88' lang='lat' dir='ltr'><strong>totius</strong></span> <span class='ocrx_word' id='word_1_126' title='bbox 377 783 495 835; x_wconf 84' lang='lat' dir='ltr'><strong>argumenti</strong></span> <span class='ocrx_word' id='word_1_127' title='bbox 510 790 572 833; x_wconf 76' lang='lat' dir='ltr'><strong>ceput</strong></span> <span class='ocrx_word' id='word_1_128' title='bbox 589 783 674 823; x_wconf 76' lang='lat' dir='ltr'><strong>nitatur.</strong></span> <span class='ocrx_word' id='word_1_129' title='bbox 698 788 777 834; x_wconf 80' lang='lat' dir='ltr'><strong>Aperte</strong></span> 
     </span>
     <span class='ocr_line' id='line_1_15' title="bbox 61 835 778 886; baseline -0.003 -12"><span class='ocrx_word' id='word_1_130' title='bbox 61 835 117 874; x_wconf 84' lang='lat' dir='ltr'><strong>enim</strong></span> <span class='ocrx_word' id='word_1_131' title='bbox 128 835 181 873; x_wconf 81' lang='lat' dir='ltr'><strong>haec</strong></span> <span class='ocrx_word' id='word_1_132' title='bbox 192 847 231 873; x_wconf 87' lang='lat' dir='ltr'><strong>vox</strong></span> <span class='ocrx_word' id='word_1_133' title='bbox 244 836 355 886; x_wconf 89' lang='lat' dir='ltr'><strong>opponitur</strong></span> <span class='ocrx_word' id='word_1_134' title='bbox 365 836 456 873; x_wconf 87' lang='lat' dir='ltr'><strong>versibus</strong></span> <span class='ocrx_word' id='word_1_135' title='bbox 466 836 603 885; x_wconf 77' lang='lat' dir='ltr'><strong>praegressis,</strong></span> <span class='ocrx_word' id='word_1_136' title='bbox 618 840 640 872; x_wconf 83' lang='lat' dir='ltr'><strong>et&#39;</strong></span> <span class='ocrx_word' id='word_1_137' title='bbox 649 847 721 882; x_wconf 77' lang='lat' dir='ltr'><strong>causa,</strong></span> <span class='ocrx_word' id='word_1_138' title='bbox 738 847 778 873; x_wconf 85' lang='lat' dir='ltr'><strong>cur</strong></span> 
     </span>
     <span class='ocr_line' id='line_1_16' title="bbox 61 886 776 938; baseline -0.001 -14"><span class='ocrx_word' id='word_1_139' title='bbox 61 886 125 924; x_wconf 86' lang='lat' dir='ltr'><strong>etiem</strong></span> <span class='ocrx_word' id='word_1_140' title='bbox 136 902 160 925; x_wconf 82' lang='lat' dir='ltr'><strong>ex</strong></span> <span class='ocrx_word' id='word_1_141' title='bbox 170 889 209 926; x_wconf 85' lang='lat' dir='ltr'><strong>imo</strong></span> <span class='ocrx_word' id='word_1_142' title='bbox 217 887 321 938; x_wconf 80' lang='lat' dir='ltr'><strong>principia</strong></span> <span class='ocrx_word' id='word_1_143' title='bbox 333 887 441 924; x_wconf 80' lang='lat' dir='ltr'><strong>confluent</strong></span> <span class='ocrx_word' id='word_1_144' title='bbox 451 893 471 924; x_wconf 89' lang='lat' dir='ltr'><strong>et</strong></span> <span class='ocrx_word' id='word_1_145' title='bbox 481 886 651 936; x_wconf 55' lang='lat' dir='ltr'><strong>suppeditentur.</strong></span> <span class='ocrx_word' id='word_1_146' title='bbox 662 899 687 923; x_wconf 79' lang='lat' dir='ltr'><strong>ex</strong></span> <span class='ocrx_word' id='word_1_147' title='bbox 696 898 720 923; x_wconf 86' lang='lat' dir='ltr'><strong>eo</strong></span> <span class='ocrx_word' id='word_1_148' title='bbox 730 886 776 935; x_wconf 79' lang='lat' dir='ltr'><strong>ipso</strong></span> 
     </span>
    </p>

    <p class='ocr_par' dir='ltr' id='par_1_5' title="bbox 17 937 777 2280">
     <span class='ocr_line' id='line_1_17' title="bbox 46 937 776 989; baseline 0.001 -14"><span class='ocrx_word' id='word_1_149' title='bbox 46 984 47 989; x_wconf 17' lang='lat'>¹</span> <span class='ocrx_word' id='word_1_150' title='bbox 61 938 182 985; x_wconf 83' lang='lat' dir='ltr'><strong>deducitur,</strong></span> <span class='ocrx_word' id='word_1_151' title='bbox 202 939 258 988; x_wconf 87' lang='lat' dir='ltr'><strong>quod</strong></span> <span class='ocrx_word' id='word_1_152' title='bbox 272 952 314 976; x_wconf 87' lang='lat' dir='ltr'><strong>uon</strong></span> <span class='ocrx_word' id='word_1_153' title='bbox 324 939 401 975; x_wconf 81' lang='lat' dir='ltr'><strong>fundus</strong></span> <span class='ocrx_word' id='word_1_154' title='bbox 412 938 485 988; x_wconf 82' lang='lat' dir='ltr'><strong>aliquis</strong></span> <span class='ocrx_word' id='word_1_155' title='bbox 500 938 564 984; x_wconf 81' lang='lat' dir='ltr'><strong>adsit,</strong></span> <span class='ocrx_word' id='word_1_156' title='bbox 577 939 598 975; x_wconf 92' lang='lat' dir='ltr'><strong>in</strong></span> <span class='ocrx_word' id='word_1_157' title='bbox 613 951 654 988; x_wconf 91' lang='lat' dir='ltr'><strong>quo</strong></span> <span class='ocrx_word' id='word_1_158' title='bbox 666 937 776 976; x_wconf 86' lang='lat' dir='ltr'><strong>considere</strong></span> 
     </span>
     <span class='ocr_line' id='line_1_18' title="bbox 61 988 777 1041; baseline 0 -13"><span class='ocrx_word' id='word_1_159' title='bbox 61 988 114 1036; x_wconf 89' lang='lat' dir='ltr'><strong>etin</strong></span> <span class='ocrx_word' id='word_1_160' title='bbox 125 996 251 1039; x_wconf 88' lang='lat' dir='ltr'><strong>perpetuum</strong></span> <span class='ocrx_word' id='word_1_161' title='bbox 261 990 393 1041; x_wconf 84' lang='lat' dir='ltr'><strong>requiescere</strong></span> <span class='ocrx_word' id='word_1_162' title='bbox 402 990 486 1039; x_wconf 82' lang='lat' dir='ltr'><strong>possint.</strong></span> <span class='ocrx_word' id='word_1_163' title='bbox 519 991 587 1036; x_wconf 79' lang='lat' dir='ltr'><strong>Quare</strong></span> <span class='ocrx_word' id='word_1_164' title='bbox 597 1002 639 1027; x_wconf 87' lang='lat' dir='ltr'><strong>non</strong></span> <span class='ocrx_word' id='word_1_165' title='bbox 650 989 722 1039; x_wconf 79' lang='lat' dir='ltr'><strong>video,</strong></span> <span class='ocrx_word' id='word_1_166' title='bbox 738 1002 777 1028; x_wconf 84' lang='lat' dir='ltr'><strong>eur</strong></span> 
     </span>
     <span class='ocr_line' id='line_1_19' title="bbox 59 1040 775 1094; baseline 0 -15"><span class='ocrx_word' id='word_1_167' title='bbox 59 1040 136 1081; x_wconf 86' lang='lat' dir='ltr'><strong>Eichst.</strong></span> <span class='ocrx_word' id='word_1_168' title='bbox 146 1054 217 1079; x_wconf 87' lang='lat' dir='ltr'><strong>rursus</strong></span> <span class='ocrx_word' id='word_1_169' title='bbox 229 1040 362 1080; x_wconf 82' lang='lat' dir='ltr'><strong>&#39;revocaverit</strong></span> <span class='ocrx_word' id='word_1_170' title='bbox 376 1042 485 1093; x_wconf 84' lang='lat' dir='ltr'><strong>vulgarem</strong></span> <span class='ocrx_word' id='word_1_171' title='bbox 499 1041 547 1080; x_wconf 86' lang='lat' dir='ltr'><strong>lect.</strong></span> <span class='ocrx_word' id='word_1_172' title='bbox 562 1052 696 1094; x_wconf 74' lang='lat' dir='ltr'><strong>aeternaque,</strong></span> <span class='ocrx_word' id='word_1_173' title='bbox 711 1053 775 1092; x_wconf 80' lang='lat' dir='ltr'><strong>quum</strong></span> 
     </span>
     <span class='ocr_line' id='line_1_20' title="bbox 59 1092 774 1134; baseline -0.001 -3"><span class='ocrx_word' id='word_1_174' title='bbox 59 1092 109 1131; x_wconf 82' lang='lat' dir='ltr'><strong>illae</strong></span> <span class='ocrx_word' id='word_1_175' title='bbox 118 1093 182 1134; x_wconf 81' lang='lat' dir='ltr'><strong>modo</strong></span> <span class='ocrx_word' id='word_1_176' title='bbox 198 1092 255 1131; x_wconf 85' lang='lat' dir='ltr'><strong>editt.</strong></span> <span class='ocrx_word' id='word_1_177' title='bbox 269 1099 319 1132; x_wconf 85' lang='lat' dir='ltr'><strong>vett.</strong></span> <span class='ocrx_word' id='word_1_178' title='bbox 336 1099 428 1134; x_wconf 85' lang='lat' dir='ltr'><strong>tuentur.</strong></span> <span class='ocrx_word' id='word_1_179' title='bbox 451 1093 539 1131; x_wconf 82' lang='lat' dir='ltr'><strong>Knehel.</strong></span> <span class='ocrx_word' id='word_1_180' title='bbox 552 1093 616 1129; x_wconf 83' lang='lat' dir='ltr'><strong>etiam</strong></span> <span class='ocrx_word' id='word_1_181' title='bbox 630 1096 689 1129; x_wconf 75' lang='lat' dir='ltr'><strong>recte</strong></span> <span class='ocrx_word' id='word_1_182' title='bbox 700 1095 774 1130; x_wconf 87' lang='lat' dir='ltr'><strong>vertit:</strong></span> 
     </span>
     <span class='ocr_line' id='line_1_21' title="bbox 59 1145 775 1196; baseline 0.003 -14"><span class='ocrx_word' id='word_1_183' title='bbox 59 1145 111 1182; x_wconf 84' lang='lat' dir='ltr'><strong>Aber</strong></span> <span class='ocrx_word' id='word_1_184' title='bbox 123 1150 190 1196; x_wconf 78' lang='lat' dir='ltr'><strong>anjezt</strong></span> <span class='ocrx_word' id='word_1_185' title='bbox 199 1165 226 1171; x_wconf 94' lang='lat'>—</span> <span class='ocrx_word' id='word_1_186' title='bbox 236 1166 261 1174; x_wconf 80' lang='lat'>—</span> <span class='ocrx_word' id='word_1_187' title='bbox 272 1148 352 1183; x_wconf 77' lang='lat' dir='ltr'><strong>werden</strong></span> <span class='ocrx_word' id='word_1_188' title='bbox 364 1166 390 1173; x_wconf 91' lang='lat'><em>-</em></span> <span class='ocrx_word' id='word_1_189' title='bbox 399 1164 424 1173; x_wconf 87' lang='lat'><strong>—-</strong></span> <span class='ocrx_word' id='word_1_190' title='bbox 433 1145 465 1182; x_wconf 82' lang='lat' dir='ltr'><strong>die</strong></span> <span class='ocrx_word' id='word_1_191' title='bbox 475 1146 552 1195; x_wconf 74' lang='lat' dir='ltr'><strong>Krirper</strong></span> <span class='ocrx_word' id='word_1_192' title='bbox 563 1147 597 1183; x_wconf 81' lang='lat' dir='ltr'><strong>des</strong></span> <span class='ocrx_word' id='word_1_193' title='bbox 607 1145 701 1196; x_wconf 80' lang='lat' dir='ltr'><strong>Urstoffs‚</strong></span> <span class='ocrx_word' id='word_1_194' title='bbox 714 1147 775 1184; x_wconf 73' lang='lat' dir='ltr'><strong>Auelt</strong></span> 
     </span>
     <span class='ocr_line' id='line_1_22' title="bbox 20 1196 657 1249; baseline -0.002 -13"><span class='ocrx_word' id='word_1_195' title='bbox 20 1230 21 1235; x_wconf 69' lang='lat'><strong>.</strong></span> <span class='ocrx_word' id='word_1_196' title='bbox 59 1210 100 1236; x_wconf 75' lang='lat' dir='ltr'><strong>von</strong></span> <span class='ocrx_word' id='word_1_197' title='bbox 113 1207 175 1235; x_wconf 83' lang='lat' dir='ltr'><strong>unten</strong></span> <span class='ocrx_word' id='word_1_198' title='bbox 185 1196 264 1249; x_wconf 76' lang='lat' dir='ltr'><strong>herens.</strong></span> <span class='ocrx_word' id='word_1_199' title='bbox 279 1212 317 1236; x_wconf 78' lang='lat' dir='ltr'><strong>ans</strong></span> <span class='ocrx_word' id='word_1_200' title='bbox 328 1197 460 1236; x_wconf 81' lang='lat' dir='ltr'><strong>unendlielzen</strong></span> <span class='ocrx_word' id='word_1_201' title='bbox 473 1198 545 1248; x_wconf 78' lang='lat' dir='ltr'><strong>Tieseu</strong></span> <span class='ocrx_word' id='word_1_202' title='bbox 556 1196 657 1249; x_wconf 77' lang='lat' dir='ltr'><strong>gefiilzret.</strong></span> 
     </span>
     <span class='ocr_line' id='line_1_23' title="bbox 111 1247 775 1301; baseline -0.002 -13"><span class='ocrx_word' id='word_1_203' title='bbox 111 1248 156 1288; x_wconf 87' lang='lat'>990.</span> <span class='ocrx_word' id='word_1_204' title='bbox 184 1249 260 1296; x_wconf 82' lang='lat' dir='ltr'><strong>„Forte</strong></span> <span class='ocrx_word' id='word_1_205' title='bbox 270 1247 403 1286; x_wconf 82' lang='lat' dir='ltr'><strong>scribendum</strong></span> <span class='ocrx_word' id='word_1_206' title='bbox 414 1253 455 1286; x_wconf 85' lang='lat' dir='ltr'><strong>est:</strong></span> <span class='ocrx_word' id='word_1_207' title='bbox 475 1252 518 1286; x_wconf 79' lang='lat' dir='ltr'><strong>Ae&#39;r</strong></span> <span class='ocrx_word' id='word_1_208' title='bbox 528 1250 613 1301; x_wconf 76' lang='lat' dir='ltr'><strong>dissepir</strong></span> <span class='ocrx_word' id='word_1_209' title='bbox 621 1249 698 1294; x_wconf 69' lang='lat' dir='ltr'><strong>neten,</strong></span> <span class='ocrx_word' id='word_1_210' title='bbox 712 1258 775 1301; x_wconf 82' lang='lat' dir='ltr'><strong>atque</strong></span> 
     </span>
     <span class='ocr_line' id='line_1_24' title="bbox 59 1299 772 1350; baseline -0.004 -11"><span class='ocrx_word' id='word_1_211' title='bbox 59 1305 110 1340; x_wconf 65' lang='lat' dir='ltr'><strong>aera</strong></span> <span class='ocrx_word' id='word_1_212' title='bbox 120 1300 203 1339; x_wconf 63' lang='lat' dir='ltr'><strong>nuben‘</strong></span> <span class='ocrx_word' id='word_1_213' title='bbox 229 1305 283 1339; x_wconf 85' lang='lat' dir='ltr'><strong>Ben</strong></span> <span class='ocrx_word' id='word_1_214' title='bbox 290 1302 328 1350; x_wconf 75' lang='lat' dir='ltr'><strong>tl,</strong></span> <span class='ocrx_word' id='word_1_215' title='bbox 343 1312 406 1350; x_wconf 83' lang='lat' dir='ltr'><strong>quam</strong></span> <span class='ocrx_word' id='word_1_216' title='bbox 417 1299 471 1337; x_wconf 87' lang='lat' dir='ltr'><strong>coni.</strong></span> <span class='ocrx_word' id='word_1_217' title='bbox 487 1299 549 1337; x_wconf 73' lang='lat' dir='ltr'><strong>Wak.</strong></span> <span class='ocrx_word' id='word_1_218' title='bbox 563 1305 621 1339; x_wconf 83' lang='lat' dir='ltr'><strong>recte</strong></span> <span class='ocrx_word' id='word_1_219' title='bbox 631 1299 772 1349; x_wconf 84' lang='lat' dir='ltr'><strong>reprehendit.</strong></span> 
     </span>
     <span class='ocr_line' id='line_1_25' title="bbox 111 1350 773 1404; baseline -0.002 -14"><span class='ocrx_word' id='word_1_220' title='bbox 111 1354 169 1390; x_wconf 71' lang='lat'><strong>1002.</strong></span> <span class='ocrx_word' id='word_1_221' title='bbox 190 1354 288 1404; x_wconf 83' lang='lat' dir='ltr'><strong>flumina]</strong></span> <span class='ocrx_word' id='word_1_222' title='bbox 298 1352 327 1388; x_wconf 87' lang='lat' dir='ltr'><strong>sic</strong></span> <span class='ocrx_word' id='word_1_223' title='bbox 338 1352 411 1390; x_wconf 78' lang='lat' dir='ltr'><strong>Lumh.</strong></span> <span class='ocrx_word' id='word_1_224' title='bbox 420 1353 470 1390; x_wconf 74' lang='lat' dir='ltr'><strong>Hav.</strong></span> <span class='ocrx_word' id='word_1_225' title='bbox 475 1353 503 1389; x_wconf 82' lang='lat' dir='ltr'>W</span> <span class='ocrx_word' id='word_1_226' title='bbox 503 1351 535 1390; x_wconf 75' lang='lat' dir='ltr'><strong>ak.</strong></span> <span class='ocrx_word' id='word_1_227' title='bbox 541 1364 589 1388; x_wconf 82' lang='lat' dir='ltr'><strong>curn</strong></span> <span class='ocrx_word' id='word_1_228' title='bbox 596 1350 700 1401; x_wconf 84' lang='lat' dir='ltr'><strong>plerisque</strong></span> <span class='ocrx_word' id='word_1_229' title='bbox 706 1351 773 1390; x_wconf 87' lang='lat' dir='ltr'><strong>Codd.</strong></span> 
     </span>
     <span class='ocr_line' id='line_1_26' title="bbox 17 1402 774 1454; baseline 0.001 -14"><span class='ocrx_word' id='word_1_230' title='bbox 17 1437 19 1440; x_wconf 85' lang='lat'><strong>.</strong></span> <span class='ocrx_word' id='word_1_231' title='bbox 59 1409 81 1442; x_wconf 84' lang='lat' dir='ltr'><strong>et</strong></span> <span class='ocrx_word' id='word_1_232' title='bbox 92 1403 150 1440; x_wconf 83' lang='lat' dir='ltr'><strong>editt.</strong></span> <span class='ocrx_word' id='word_1_233' title='bbox 159 1410 210 1443; x_wconf 81' lang='lat' dir='ltr'><strong>vett.</strong></span> <span class='ocrx_word' id='word_1_234' title='bbox 224 1405 285 1451; x_wconf 84' lang='lat' dir='ltr'><strong>(narn</strong></span> <span class='ocrx_word' id='word_1_235' title='bbox 295 1406 382 1454; x_wconf 79' lang='lat' dir='ltr'><strong>flumine</strong></span> <span class='ocrx_word' id='word_1_236' title='bbox 393 1402 415 1440; x_wconf 88' lang='lat' dir='ltr'><strong>in</strong></span> <span class='ocrx_word' id='word_1_237' title='bbox 430 1402 478 1442; x_wconf 88' lang='lat' dir='ltr'><strong>edit.</strong></span> <span class='ocrx_word' id='word_1_238' title='bbox 493 1404 542 1443; x_wconf 84' lang='lat' dir='ltr'><strong>Ver.</strong></span> <span class='ocrx_word' id='word_1_239' title='bbox 560 1415 619 1440; x_wconf 85' lang='lat' dir='ltr'><strong>error</strong></span> <span class='ocrx_word' id='word_1_240' title='bbox 633 1402 697 1440; x_wconf 90' lang='lat' dir='ltr'><strong>modo</strong></span> <span class='ocrx_word' id='word_1_241' title='bbox 713 1409 774 1453; x_wconf 83' lang='lat' dir='ltr'><strong>typo-</strong></span> 
     </span>
     <span class='ocr_line' id='line_1_27' title="bbox 59 1454 773 1506; baseline -0.001 -13"><span class='ocrx_word' id='word_1_242' title='bbox 59 1454 133 1506; x_wconf 79' lang='lat' dir='ltr'><strong>graph.</strong></span> <span class='ocrx_word' id='word_1_243' title='bbox 153 1454 255 1504; x_wconf 82' lang='lat' dir='ltr'><strong>videtur.)</strong></span> <span class='ocrx_word' id='word_1_244' title='bbox 286 1455 326 1493; x_wconf 87' lang='lat' dir='ltr'><strong>Sed</strong></span> <span class='ocrx_word' id='word_1_245' title='bbox 344 1454 409 1493; x_wconf 86' lang='lat' dir='ltr'><strong>Codd.</strong></span> <span class='ocrx_word' id='word_1_246' title='bbox 428 1455 486 1495; x_wconf 87' lang='lat' dir='ltr'><strong>Gott.</strong></span> <span class='ocrx_word' id='word_1_247' title='bbox 501 1454 550 1492; x_wconf 87' lang='lat' dir='ltr'><strong>Brit.</strong></span> <span class='ocrx_word' id='word_1_248' title='bbox 562 1455 581 1495; x_wconf 85' lang='lat'><strong>3.</strong></span> <span class='ocrx_word' id='word_1_249' title='bbox 605 1459 626 1491; x_wconf 89' lang='lat' dir='ltr'><strong>et</strong></span> <span class='ocrx_word' id='word_1_250' title='bbox 643 1455 702 1495; x_wconf 85' lang='lat' dir='ltr'><strong>editt.</strong></span> <span class='ocrx_word' id='word_1_251' title='bbox 719 1455 773 1496; x_wconf 84' lang='lat' dir='ltr'><strong>Brix.</strong></span> 
     </span>
     <span class='ocr_line' id='line_1_28' title="bbox 58 1505 773 1560; baseline -0.001 -16"><span class='ocrx_word' id='word_1_252' title='bbox 58 1507 115 1547; x_wconf 87' lang='lat' dir='ltr'><strong>Iunt.</strong></span> <span class='ocrx_word' id='word_1_253' title='bbox 126 1505 169 1545; x_wconf 71' lang='lat' dir='ltr'><strong>did.</strong></span> <span class='ocrx_word' id='word_1_254' title='bbox 178 1508 197 1546; x_wconf 70' lang='lat'><strong>2.</strong></span> <span class='ocrx_word' id='word_1_255' title='bbox 212 1507 314 1560; x_wconf 78' lang='lat' dir='ltr'><strong>fulmina,</strong></span> <span class='ocrx_word' id='word_1_256' title='bbox 327 1520 340 1544; x_wconf 78' lang='lat' dir='ltr'>a</span> <span class='ocrx_word' id='word_1_257' title='bbox 351 1507 424 1558; x_wconf 83' lang='lat' dir='ltr'><strong>quihus</strong></span> <span class='ocrx_word' id='word_1_258' title='bbox 434 1519 477 1543; x_wconf 89' lang='lat' dir='ltr'><strong>non</strong></span> <span class='ocrx_word' id='word_1_259' title='bbox 488 1506 597 1544; x_wconf 85' lang='lat' dir='ltr'><strong>dissentire</strong></span> <span class='ocrx_word' id='word_1_260' title='bbox 607 1506 691 1544; x_wconf 86' lang='lat' dir='ltr'><strong>videtur</strong></span> <span class='ocrx_word' id='word_1_261' title='bbox 705 1508 773 1553; x_wconf 70' lang='lat' dir='ltr'><strong>Gunt.J</strong></span> 
     </span>
     <span class='ocr_line' id='line_1_29' title="bbox 53 1558 775 1610; baseline 0.001 -15"><span class='ocrx_word' id='word_1_262' title='bbox 53 1558 145 1610; x_wconf 84' lang='lat' dir='ltr'><strong>fulmine</strong></span> <span class='ocrx_word' id='word_1_263' title='bbox 153 1559 264 1610; x_wconf 79' lang='lat' dir='ltr'><strong>praebens3</strong></span> <span class='ocrx_word' id='word_1_264' title='bbox 279 1559 344 1610; x_wconf 80' lang='lat' dir='ltr'><strong>Lugd.</strong></span> <span class='ocrx_word' id='word_1_265' title='bbox 356 1562 373 1598; x_wconf 81' lang='grc'><strong>1.</strong></span> <span class='ocrx_word' id='word_1_266' title='bbox 383 1558 476 1595; x_wconf 88' lang='lat' dir='ltr'><strong>vitiosius</strong></span> <span class='ocrx_word' id='word_1_267' title='bbox 484 1560 567 1597; x_wconf 77' lang='lat' dir='ltr'><strong>lamina.</strong></span> <span class='ocrx_word' id='word_1_268' title='bbox 589 1559 634 1595; x_wconf 84' lang='lat' dir='ltr'><strong>lam</strong></span> <span class='ocrx_word' id='word_1_269' title='bbox 645 1571 775 1609; x_wconf 80' lang='lat' dir='ltr'><strong>quamquem</strong></span> 
     </span>
     <span class='ocr_line' id='line_1_30' title="bbox 51 1609 772 1663; baseline 0 -17"><span class='ocrx_word' id='word_1_270' title='bbox 51 1610 131 1661; x_wconf 75' lang='lat' dir='ltr'><strong>negari</strong></span> <span class='ocrx_word' id='word_1_271' title='bbox 146 1611 226 1661; x_wconf 84' lang='lat' dir='ltr'><strong>nequit,</strong></span> <span class='ocrx_word' id='word_1_272' title='bbox 235 1611 328 1663; x_wconf 75' lang='lat' dir='ltr'><strong>fulmina</strong></span> <span class='ocrx_word' id='word_1_273' title='bbox 338 1610 403 1660; x_wconf 82' lang='lat' dir='ltr'><strong>(quod</strong></span> <span class='ocrx_word' id='word_1_274' title='bbox 412 1624 431 1648; x_wconf 93' lang='lat' dir='ltr'><strong>v.</strong></span> <span class='ocrx_word' id='word_1_275' title='bbox 445 1624 462 1648; x_wconf 92' lang='lat' dir='ltr'><strong>c.</strong></span> <span class='ocrx_word' id='word_1_276' title='bbox 473 1610 540 1647; x_wconf 85' lang='lat' dir='ltr'><strong>Fabro</strong></span> <span class='ocrx_word' id='word_1_277' title='bbox 550 1615 571 1647; x_wconf 90' lang='lat' dir='ltr'><strong>et</strong></span> <span class='ocrx_word' id='word_1_278' title='bbox 580 1610 672 1649; x_wconf 84' lang='lat' dir='ltr'><strong>Bentleio</strong></span> <span class='ocrx_word' id='word_1_279' title='bbox 685 1609 772 1655; x_wconf 72' lang='lat' dir='ltr'><strong>arrisit.)</strong></span> 
     </span>
     <span class='ocr_line' id='line_1_31' title="bbox 57 1659 772 1714; baseline 0.004 -15"><span class='ocrx_word' id='word_1_280' title='bbox 57 1659 94 1705; x_wconf 78' lang='lat' dir='ltr'><strong>hic</strong></span> <span class='ocrx_word' id='word_1_281' title='bbox 103 1661 155 1699; x_wconf 85' lang='lat' dir='ltr'><strong>ferri</strong></span> <span class='ocrx_word' id='word_1_282' title='bbox 163 1675 230 1712; x_wconf 81' lang='lat' dir='ltr'><strong>posse,</strong></span> <span class='ocrx_word' id='word_1_283' title='bbox 244 1669 315 1711; x_wconf 84' lang='lat' dir='ltr'><strong>tamen</strong></span> <span class='ocrx_word' id='word_1_284' title='bbox 327 1662 417 1714; x_wconf 80' lang='lat' dir='ltr'><strong>vulgaris</strong></span> <span class='ocrx_word' id='word_1_285' title='bbox 430 1668 535 1710; x_wconf 84' lang='lat' dir='ltr'><strong>praestare</strong></span> <span class='ocrx_word' id='word_1_286' title='bbox 548 1661 631 1700; x_wconf 88' lang='lat' dir='ltr'><strong>videtur</strong></span> <span class='ocrx_word' id='word_1_287' title='bbox 641 1662 668 1700; x_wconf 88' lang='lat' dir='ltr'><strong>ob</strong></span> <span class='ocrx_word' id='word_1_288' title='bbox 680 1675 700 1701; x_wconf 93' lang='lat' dir='ltr'><strong>v.</strong></span> <span class='ocrx_word' id='word_1_289' title='bbox 715 1663 772 1702; x_wconf 84' lang='grc'><strong>1003.</strong></span> 
     </span>
     <span class='ocr_line' id='line_1_32' title="bbox 59 1711 774 1766; baseline 0.003 -16"><span class='ocrx_word' id='word_1_290' title='bbox 59 1718 80 1750; x_wconf 89' lang='lat' dir='ltr'><strong>et</strong></span> <span class='ocrx_word' id='word_1_291' title='bbox 87 1713 164 1751; x_wconf 85' lang='lat' dir='ltr'><strong>similes</strong></span> <span class='ocrx_word' id='word_1_292' title='bbox 175 1713 234 1752; x_wconf 87' lang='lat' dir='ltr'><strong>locos</strong></span> <span class='ocrx_word' id='word_1_293' title='bbox 249 1715 286 1762; x_wconf 91' lang='lat' dir='ltr'><strong>(ut</strong></span> <span class='ocrx_word' id='word_1_294' title='bbox 297 1715 495 1762; x_wconf 70' lang='lat' dir='ltr'><strong>J‚231.11,362.v,</strong></span> <span class='ocrx_word' id='word_1_295' title='bbox 507 1711 552 1753; x_wconf 79' lang='grc'><strong>464.</strong></span> <span class='ocrx_word' id='word_1_296' title='bbox 565 1714 631 1760; x_wconf 75' lang='lat' dir='ltr'><strong>etc.),</strong></span> <span class='ocrx_word' id='word_1_297' title='bbox 640 1714 677 1751; x_wconf 76' lang='lat' dir='ltr'><strong>ulii</strong></span> <span class='ocrx_word' id='word_1_298' title='bbox 682 1717 774 1766; x_wconf 82' lang='lat' dir='ltr'><strong>flumina</strong></span> 
     </span>
     <span class='ocr_line' id='line_1_33' title="bbox 58 1764 774 1818; baseline 0.003 -17"><span class='ocrx_word' id='word_1_299' title='bbox 58 1775 148 1812; x_wconf 79' lang='lat' dir='ltr'><strong>aeterna,</strong></span> <span class='ocrx_word' id='word_1_300' title='bbox 161 1767 256 1811; x_wconf 75' lang='lat' dir='ltr'><strong>labentia,</strong></span> <span class='ocrx_word' id='word_1_301' title='bbox 270 1765 328 1803; x_wconf 88' lang='lat' dir='ltr'><strong>fluvii</strong></span> <span class='ocrx_word' id='word_1_302' title='bbox 334 1781 434 1818; x_wconf 78' lang='lat' dir='ltr'><strong>perennes</strong></span> <span class='ocrx_word' id='word_1_303' title='bbox 444 1771 483 1803; x_wconf 84' lang='lat' dir='ltr'><strong>etc.</strong></span> <span class='ocrx_word' id='word_1_304' title='bbox 496 1773 702 1813; x_wconf 80' lang='lat' dir='ltr'><strong>commemorantur,</strong></span> <span class='ocrx_word' id='word_1_305' title='bbox 716 1764 774 1817; x_wconf 84' lang='lat' dir='ltr'><strong>quod</strong></span> 
     </span>
     <span class='ocr_line' id='line_1_34' title="bbox 57 1815 721 1869; baseline -0.002 -15"><span class='ocrx_word' id='word_1_306' title='bbox 57 1815 130 1856; x_wconf 76' lang='lat' dir='ltr'><strong>Wak..</strong></span> <span class='ocrx_word' id='word_1_307' title='bbox 142 1816 194 1855; x_wconf 85' lang='lat' dir='ltr'><strong>licet</strong></span> <span class='ocrx_word' id='word_1_308' title='bbox 203 1816 335 1869; x_wconf 80' lang='lat' dir='ltr'><strong>longissimus</strong></span> <span class='ocrx_word' id='word_1_309' title='bbox 346 1817 372 1854; x_wconf 77' lang='lat' dir='ltr'><strong>act</strong></span> <span class='ocrx_word' id='word_1_310' title='bbox 382 1818 402 1856; x_wconf 88' lang='lat' dir='ltr'><strong>l1.</strong></span> <span class='ocrx_word' id='word_1_311' title='bbox 410 1817 431 1865; x_wconf 81' lang='grc'><strong>1,,</strong></span> <span class='ocrx_word' id='word_1_312' title='bbox 446 1828 613 1854; x_wconf 78' lang='lat' dir='ltr'><strong>commemorare</strong></span> <span class='ocrx_word' id='word_1_313' title='bbox 622 1817 721 1867; x_wconf 79' lang='lat' dir='ltr'><strong>neglexit,</strong></span> 
     </span>
     <span class='ocr_line' id='line_1_35' title="bbox 50 1866 771 1918; baseline 0 -11"><span class='ocrx_word' id='word_1_314' title='bbox 50 1877 52 1880; x_wconf 77' lang='grc'>’</span> <span class='ocrx_word' id='word_1_315' title='bbox 111 1866 168 1907; x_wconf 77' lang='grc'><strong>1004.</strong></span> <span class='ocrx_word' id='word_1_316' title='bbox 195 1872 232 1916; x_wconf 80' lang='lat' dir='ltr'><strong>ire,</strong></span> <span class='ocrx_word' id='word_1_317' title='bbox 245 1871 344 1915; x_wconf 78' lang='lat' dir='ltr'><strong>meando]</strong></span> <span class='ocrx_word' id='word_1_318' title='bbox 358 1869 388 1905; x_wconf 91' lang='lat' dir='ltr'><strong>sic</strong></span> <span class='ocrx_word' id='word_1_319' title='bbox 397 1868 472 1906; x_wconf 83' lang='lat' dir='ltr'><strong>diserte</strong></span> <span class='ocrx_word' id='word_1_320' title='bbox 481 1868 617 1918; x_wconf 80' lang='lat' dir='ltr'><strong>CoddLugd.</strong></span> <span class='ocrx_word' id='word_1_321' title='bbox 626 1870 663 1908; x_wconf 72' lang='lat' dir='ltr'><strong>te</strong></span> <span class='ocrx_word' id='word_1_322' title='bbox 681 1875 702 1906; x_wconf 84' lang='lat' dir='ltr'><strong>et</strong></span> <span class='ocrx_word' id='word_1_323' title='bbox 712 1866 771 1907; x_wconf 87' lang='lat' dir='ltr'><strong>editt.</strong></span> 
     </span>
     <span class='ocr_line' id='line_1_36' title="bbox 57 1917 773 1971; baseline 0.006 -17"><span class='ocrx_word' id='word_1_324' title='bbox 57 1917 113 1970; x_wconf 84' lang='lat' dir='ltr'><strong>Iunt.</strong></span> <span class='ocrx_word' id='word_1_325' title='bbox 123 1919 168 1959; x_wconf 83' lang='lat' dir='ltr'><strong>Ald.</strong></span> <span class='ocrx_word' id='word_1_326' title='bbox 178 1922 198 1960; x_wconf 75' lang='grc'><strong>2.</strong></span> <span class='ocrx_word' id='word_1_327' title='bbox 218 1921 275 1958; x_wconf 86' lang='lat' dir='ltr'><strong>Idem</strong></span> <span class='ocrx_word' id='word_1_328' title='bbox 284 1920 324 1957; x_wconf 86' lang='lat' dir='ltr'><strong>sihi</strong></span> <span class='ocrx_word' id='word_1_329' title='bbox 334 1920 387 1957; x_wconf 90' lang='lat' dir='ltr'><strong>velle</strong></span> <span class='ocrx_word' id='word_1_330' title='bbox 398 1920 480 1958; x_wconf 86' lang='lat' dir='ltr'><strong>videtur</strong></span> <span class='ocrx_word' id='word_1_331' title='bbox 493 1918 555 1958; x_wconf 81' lang='lat' dir='ltr'><strong>codd.</strong></span> <span class='ocrx_word' id='word_1_332' title='bbox 570 1918 633 1957; x_wconf 84' lang='lat' dir='ltr'><strong>lectio</strong></span> <span class='ocrx_word' id='word_1_333' title='bbox 644 1920 699 1971; x_wconf 83' lang='lat' dir='ltr'><strong>apud</strong></span> <span class='ocrx_word' id='word_1_334' title='bbox 712 1921 773 1958; x_wconf 86' lang='lat' dir='ltr'><strong>Pium</strong></span> 
     </span>
     <span class='ocr_line' id='line_1_37' title="bbox 58 1970 773 2022; baseline 0.003 -15"><span class='ocrx_word' id='word_1_335' title='bbox 58 1971 195 2020; x_wconf 77' lang='lat' dir='ltr'><strong>irremeendo,</strong></span> <span class='ocrx_word' id='word_1_336' title='bbox 210 1983 263 2022; x_wconf 86' lang='lat' dir='ltr'><strong>quae</strong></span> <span class='ocrx_word' id='word_1_337' title='bbox 274 1972 336 2010; x_wconf 72' lang='lat' dir='ltr'><strong>simul</strong></span> <span class='ocrx_word' id='word_1_338' title='bbox 347 1971 437 2018; x_wconf 81' lang='lat' dir='ltr'><strong>indicat,</strong></span> <span class='ocrx_word' id='word_1_339' title='bbox 452 1971 556 2020; x_wconf 89' lang='lat' dir='ltr'><strong>quomodo</strong></span> <span class='ocrx_word' id='word_1_340' title='bbox 567 1970 657 2009; x_wconf 85' lang='lat' dir='ltr'><strong>aliorum</strong></span> <span class='ocrx_word' id='word_1_341' title='bbox 667 1972 773 2009; x_wconf 87' lang='lat' dir='ltr'><strong>librorum</strong></span> 
     </span>
     <span class='ocr_line' id='line_1_38' title="bbox 52 2019 772 2064; baseline 0.008 -8"><span class='ocrx_word' id='word_1_342' title='bbox 52 2019 126 2059; x_wconf 74' lang='lat' dir='ltr'><strong>vvariae</strong></span> <span class='ocrx_word' id='word_1_343' title='bbox 140 2021 240 2061; x_wconf 87' lang='lat' dir='ltr'><strong>lectiones</strong></span> <span class='ocrx_word' id='word_1_344' title='bbox 256 2029 315 2061; x_wconf 83' lang='lat' dir='ltr'><strong>ortae</strong></span> <span class='ocrx_word' id='word_1_345' title='bbox 330 2023 377 2061; x_wconf 87' lang='lat' dir='ltr'><strong>sint.</strong></span> <span class='ocrx_word' id='word_1_346' title='bbox 406 2022 472 2061; x_wconf 88' lang='lat' dir='ltr'><strong>Codd.</strong></span> <span class='ocrx_word' id='word_1_347' title='bbox 483 2022 540 2062; x_wconf 87' lang='lat' dir='ltr'><strong>Bodl.</strong></span> <span class='ocrx_word' id='word_1_348' title='bbox 553 2023 612 2061; x_wconf 74' lang='lat' dir='ltr'><strong>Cant.</strong></span> <span class='ocrx_word' id='word_1_349' title='bbox 629 2030 650 2062; x_wconf 87' lang='lat' dir='ltr'><strong>et</strong></span> <span class='ocrx_word' id='word_1_350' title='bbox 664 2023 712 2064; x_wconf 85' lang='lat' dir='ltr'><strong>edit.</strong></span> <span class='ocrx_word' id='word_1_351' title='bbox 723 2025 772 2064; x_wconf 84' lang='lat' dir='ltr'><strong>ver.</strong></span> 
     </span>
     <span class='ocr_line' id='line_1_39' title="bbox 58 2073 772 2121; baseline 0.01 -11"><span class='ocrx_word' id='word_1_352' title='bbox 58 2073 80 2110; x_wconf 84' lang='lat' dir='ltr'><strong>in</strong></span> <span class='ocrx_word' id='word_1_353' title='bbox 90 2077 208 2121; x_wconf 83' lang='lat' dir='ltr'><strong>remeando,</strong></span> <span class='ocrx_word' id='word_1_354' title='bbox 221 2074 283 2114; x_wconf 86' lang='lat' dir='ltr'><strong>Vind.</strong></span> <span class='ocrx_word' id='word_1_355' title='bbox 299 2078 320 2114; x_wconf 88' lang='lat' dir='ltr'><strong>in</strong></span> <span class='ocrx_word' id='word_1_356' title='bbox 329 2092 351 2114; x_wconf 83' lang='lat' dir='ltr'><strong>re</strong></span> <span class='ocrx_word' id='word_1_357' title='bbox 362 2077 457 2121; x_wconf 78' lang='lat' dir='ltr'><strong>meando,</strong></span> <span class='ocrx_word' id='word_1_358' title='bbox 469 2075 529 2111; x_wconf 87' lang='lat' dir='ltr'><strong>Poor.</strong></span> <span class='ocrx_word' id='word_1_359' title='bbox 540 2074 588 2114; x_wconf 84' lang='lat' dir='ltr'><strong>Brit.</strong></span> <span class='ocrx_word' id='word_1_360' title='bbox 600 2077 620 2116; x_wconf 78' lang='lat'><strong>2.</strong></span> <span class='ocrx_word' id='word_1_361' title='bbox 631 2078 772 2120; x_wconf 60' lang='lat' dir='ltr'><strong>inremeanctm</strong></span> 
     </span>
     <span class='ocr_line' id='line_1_40' title="bbox 58 2121 559 2167; baseline 0.014 -8"><span class='ocrx_word' id='word_1_362' title='bbox 58 2121 117 2162; x_wconf 82' lang='lat' dir='ltr'><strong>editt.</strong></span> <span class='ocrx_word' id='word_1_363' title='bbox 127 2125 179 2162; x_wconf 84' lang='lat' dir='ltr'><strong>Brix.</strong></span> <span class='ocrx_word' id='word_1_364' title='bbox 191 2127 242 2163; x_wconf 84' lang='lat' dir='ltr'><strong>Ven.</strong></span> <span class='ocrx_word' id='word_1_365' title='bbox 254 2126 299 2166; x_wconf 86' lang='lat' dir='ltr'><strong>Ald.</strong></span> <span class='ocrx_word' id='word_1_366' title='bbox 311 2129 329 2167; x_wconf 86' lang='lat'><strong>1.</strong></span> <span class='ocrx_word' id='word_1_367' title='bbox 340 2130 388 2166; x_wconf 84' lang='lat' dir='ltr'><strong>Bon.</strong></span> <span class='ocrx_word' id='word_1_368' title='bbox 402 2130 423 2166; x_wconf 86' lang='lat' dir='ltr'><strong>in</strong></span> <span class='ocrx_word' id='word_1_369' title='bbox 432 2128 559 2166; x_wconf 81' lang='lat' dir='ltr'><strong>remanendo.</strong></span> 
     </span>
     <span class='ocr_line' id='line_1_41' title="bbox 109 2176 773 2231; baseline 0.006 -18"><span class='ocrx_word' id='word_1_370' title='bbox 109 2176 166 2215; x_wconf 85' lang='grc'><strong>1008.</strong></span> <span class='ocrx_word' id='word_1_371' title='bbox 185 2180 257 2228; x_wconf 64' lang='lat' dir='ltr'><strong>inani,</strong></span> <span class='ocrx_word' id='word_1_372' title='bbox 269 2178 378 2231; x_wconf 75' lang='lat' dir='ltr'><strong>vulgarem</strong></span> <span class='ocrx_word' id='word_1_373' title='bbox 389 2178 509 2222; x_wconf 83' lang='lat' dir='ltr'><strong>lectionem,</strong></span> <span class='ocrx_word' id='word_1_374' title='bbox 522 2190 533 2214; x_wconf 93' lang='lat' dir='ltr'><strong>e</strong></span> <span class='ocrx_word' id='word_1_375' title='bbox 544 2183 595 2216; x_wconf 87' lang='lat' dir='ltr'><strong>vett.</strong></span> <span class='ocrx_word' id='word_1_376' title='bbox 604 2179 663 2220; x_wconf 89' lang='lat' dir='ltr'><strong>editt.</strong></span> <span class='ocrx_word' id='word_1_377' title='bbox 675 2179 773 2218; x_wconf 84' lang='lat' dir='ltr'><strong>exhibent</strong></span> 
     </span>
     <span class='ocr_line' id='line_1_42' title="bbox 48 2223 733 2280; baseline 0.01 -18"><span class='ocrx_word' id='word_1_378' title='bbox 48 2223 101 2280; x_wconf 53' lang='lat' dir='ltr'><strong>illd.</strong></span> <span class='ocrx_word' id='word_1_379' title='bbox 115 2228 133 2264; x_wconf 88' lang='lat'><strong>1.</strong></span> <span class='ocrx_word' id='word_1_380' title='bbox 144 2229 164 2265; x_wconf 74' lang='lat'><strong>2.</strong></span> <span class='ocrx_word' id='word_1_381' title='bbox 174 2229 224 2266; x_wconf 86' lang='lat' dir='ltr'><strong>Bon.</strong></span> <span class='ocrx_word' id='word_1_382' title='bbox 233 2234 288 2268; x_wconf 83' lang='lat' dir='ltr'><strong>tunt.</strong></span> <span class='ocrx_word' id='word_1_383' title='bbox 317 2230 386 2269; x_wconf 86' lang='lat' dir='ltr'><strong>Ceteri</strong></span> <span class='ocrx_word' id='word_1_384' title='bbox 397 2230 448 2268; x_wconf 82' lang='lat' dir='ltr'><strong>libri</strong></span> <span class='ocrx_word' id='word_1_385' title='bbox 460 2240 531 2266; x_wconf 87' lang='lat' dir='ltr'><strong>omnes</strong></span> <span class='ocrx_word' id='word_1_386' title='bbox 542 2234 613 2276; x_wconf 84' lang='lat' dir='ltr'><strong>inane,</strong></span> <span class='ocrx_word' id='word_1_387' title='bbox 625 2232 733 2269; x_wconf 87' lang='lat' dir='ltr'><strong>mendose.</strong></span> 
     </span>
    </p>

    <p class='ocr_par' dir='ltr' id='par_1_6' title="bbox 109 2279 771 2332">
     <span class='ocr_line' id='line_1_43' title="bbox 109 2279 771 2332; baseline 0.008 -17"><span class='ocrx_word' id='word_1_388' title='bbox 109 2279 166 2317; x_wconf 75' lang='lat'><strong>1012.</strong></span> <span class='ocrx_word' id='word_1_389' title='bbox 192 2305 205 2325; x_wconf 90' lang='lat'>„</span> <span class='ocrx_word' id='word_1_390' title='bbox 213 2283 375 2332; x_wconf 78' lang='lat' dir='ltr'><strong>immoderatum,</strong></span> <span class='ocrx_word' id='word_1_391' title='bbox 388 2282 402 2319; x_wconf 88' lang='lat' dir='ltr'><strong>i.</strong></span> <span class='ocrx_word' id='word_1_392' title='bbox 414 2295 425 2320; x_wconf 92' lang='lat' dir='ltr'><strong>e</strong></span> <span class='ocrx_word' id='word_1_393' title='bbox 437 2279 534 2331; x_wconf 67' lang='lat' dir='ltr'><strong>tineaene,</strong></span> <span class='ocrx_word' id='word_1_394' title='bbox 549 2282 687 2331; x_wconf 88' lang='lat' dir='ltr'><strong>immensum,</strong></span> <span class='ocrx_word' id='word_1_395' title='bbox 700 2283 771 2321; x_wconf 81' lang='lat' dir='ltr'><strong>infini-</strong></span> 
     </span>
    </p>

    <p class='ocr_par' dir='ltr' id='par_1_7' title="bbox 57 2329 771 2386">
     <span class='ocr_line' id='line_1_44' title="bbox 57 2329 771 2386; baseline 0.006 -19"><span class='ocrx_word' id='word_1_396' title='bbox 57 2335 109 2368; x_wconf 88' lang='lat' dir='ltr'><strong>tum.</strong></span> <span class='ocrx_word' id='word_1_397' title='bbox 136 2333 167 2367; x_wconf 83' lang='lat' dir='ltr'><strong>tta</strong></span> <span class='ocrx_word' id='word_1_398' title='bbox 179 2329 222 2369; x_wconf 86' lang='lat' dir='ltr'><strong>Cic.</strong></span> <span class='ocrx_word' id='word_1_399' title='bbox 233 2332 258 2369; x_wconf 87' lang='lat' dir='ltr'><strong>de</strong></span> <span class='ocrx_word' id='word_1_400' title='bbox 269 2335 293 2373; x_wconf 86' lang='lat' dir='ltr'><strong>N.</strong></span> <span class='ocrx_word' id='word_1_401' title='bbox 303 2337 326 2373; x_wconf 88' lang='lat' dir='ltr'><strong>D.</strong></span> <span class='ocrx_word' id='word_1_402' title='bbox 336 2336 363 2382; x_wconf 87' lang='grc' dir='ltr'><strong>ΙΙ,</strong></span> <span class='ocrx_word' id='word_1_403' title='bbox 374 2335 406 2375; x_wconf 78' lang='grc'><strong>25.</strong></span> <span class='ocrx_word' id='word_1_404' title='bbox 418 2338 481 2381; x_wconf 81' lang='lat' dir='ltr'><strong>[uem</strong></span> <span class='ocrx_word' id='word_1_405' title='bbox 490 2333 544 2372; x_wconf 83' lang='lat' dir='ltr'><strong>falso</strong></span> <span class='ocrx_word' id='word_1_406' title='bbox 555 2334 610 2384; x_wconf 83' lang='lat' dir='ltr'><strong>apud</strong></span> <span class='ocrx_word' id='word_1_407' title='bbox 622 2336 682 2374; x_wconf 74' lang='lat' dir='ltr'><strong>Wak.</strong></span> <span class='ocrx_word' id='word_1_408' title='bbox 695 2335 771 2386; x_wconf 80' lang='lat' dir='ltr'><strong>legitur</strong></span> 
     </span>
    </p>
   </div>
   <div class='ocr_carea' id='block_1_3' title="bbox 58 2380 770 2475">
    <p class='ocr_par' dir='ltr' id='par_1_8' title="bbox 58 2380 770 2475">
     <span class='ocr_line' id='line_1_45' title="bbox 58 2380 770 2436; baseline -0.01 -6"><span class='ocrx_word' id='word_1_409' title='bbox 58 2395 76 2419; x_wconf 76' lang='lat'><strong>⁰·</strong></span> <span class='ocrx_word' id='word_1_410' title='bbox 86 2380 114 2429; x_wconf 65' lang='lat'><strong>2]</strong></span> <span class='ocrx_word' id='word_1_411' title='bbox 130 2386 151 2417; x_wconf 58' lang='lat' dir='ltr'><strong>et</strong></span> <span class='ocrx_word' id='word_1_412' title='bbox 158 2381 236 2418; x_wconf 66' lang='lat' dir='ltr'><strong>AfflOb&#39;·</strong></span> <span class='ocrx_word' id='word_1_413' title='bbox 246 2385 274 2422; x_wconf 77' lang='lat' dir='ltr'><strong>H·</strong></span> <span class='ocrx_word' id='word_1_414' title='bbox 282 2397 303 2433; x_wconf 77' lang='lat' dir='ltr'><strong>p-</strong></span> <span class='ocrx_word' id='word_1_415' title='bbox 313 2388 353 2436; x_wconf 84' lang='lat'><strong>97..</strong></span> <span class='ocrx_word' id='word_1_416' title='bbox 367 2386 424 2427; x_wconf 84' lang='lat' dir='ltr'><strong>cuius</strong></span> <span class='ocrx_word' id='word_1_417' title='bbox 432 2384 526 2425; x_wconf 84' lang='lat' dir='ltr'><strong>Davisius</strong></span> <span class='ocrx_word' id='word_1_418' title='bbox 538 2385 565 2434; x_wconf 74' lang='lat' dir='ltr'><strong>ed</strong></span> <span class='ocrx_word' id='word_1_419' title='bbox 576 2386 638 2426; x_wconf 87' lang='lat' dir='ltr'><strong>Tullii</strong></span> <span class='ocrx_word' id='word_1_420' title='bbox 647 2387 719 2426; x_wconf 83' lang='lat' dir='ltr'><strong>locum</strong></span> <span class='ocrx_word' id='word_1_421' title='bbox 727 2399 770 2424; x_wconf 87' lang='lat' dir='ltr'><strong>nou</strong></span> 
     </span>
     <span class='ocr_line' id='line_1_46' title="bbox 58 2431 294 2475; baseline 0.013 -5"><span class='ocrx_word' id='word_1_422' title='bbox 58 2431 134 2472; x_wconf 85' lang='lat' dir='ltr'><strong>oblitus</strong></span> <span class='ocrx_word' id='word_1_423' title='bbox 146 2432 197 2470; x_wconf 81' lang='lat' dir='ltr'><strong>est.“</strong></span> <span class='ocrx_word' id='word_1_424' title='bbox 222 2436 294 2475; x_wconf 80' lang='lat' dir='ltr'><strong>Wak.</strong></span> 
     </span>
    </p>
   </div>
   <div class='ocr_carea' id='block_1_4' title="bbox 0 0 850 2654">
    <p class='ocr_par' dir='ltr' id='par_1_9' title="bbox 0 0 850 2654">
     <span class='ocr_line' id='line_1_47' title="bbox 0 0 850 2654; baseline 0 1"><span class='ocrx_word' id='word_1_425' title='bbox 0 0 850 2654; x_wconf 95' lang='lat' dir='ltr'><strong> </strong></span> 
     </span>
    </p>
   </div>
  </div>
 </body>
</html>
