1690 2654
60 82 109 129 roo
293 80 565 133 ruuoutnrouns
633 137 636 139 ,

60 206 99 246 gra
114 192 143 229 sic
159 189 266 228 sehabet:
281 192 402 240 Concoctos]
415 191 494 230 Nonius
507 197 626 239 Concoctas,
641 192 687 233 ΑΗ.
700 194 718 234 1.
728 193 779 232 B'on.

59 252 81 283 et
96 243 154 281 editt.
169 244 221 280 Veu.
240 242 341 280 Prisciani
354 248 497 292 Contrectans,
512 244 576 283 codd.
592 244 691 281 Prisciani
706 257 780 283 omnes

62 302 186 335 Contractus.
200 315 226 321 -
239 295 355 345 contactos]
368 297 434 334 Poor..
446 297 506 334 Cant.
524 307 650 343 contractos,
662 296 716 335 Brix.
728 297 778 335 Ver.

58 348 111 384 Ven.
124 345 169 383 Ald.
182 348 200 384 t.
218 348 269 387 Bon.
284 359 411 396 contractus,
419 348 486 385 Vind.
496 348 551 388 Brit.
563 350 580 386 1.
593 350 613 386 2.
623 349 642 386 3.
658 354 679 384 et
692 347 779 398 plurimi

59 396 125 437 Codd.
143 397 245 436 Prisciani
261 410 389 446 contractas,
404 398 496 444 eiusdem
510 399 559 438 cod.
573 398 686 449 Erlang.2.
700 411 779 439 contre·
815 409 822 414 ‘

58 462 130 497 crans,
144 449 217 490 Dresd.
226 463 275 489 vero
286 463 415 492 contractans
429 450 493 503 (quod
503 450 546 489 iam
556 450 617 490 Wak.
630 451 779 501 divinaverat);

56 502 137 541 Nonius
147 502 248 553 deniqne,
261 516 345 553 prorsus
355 503 478 551 discedens,
489 519 525 542 suo
537 519 619 543 servare
629 515 648 542 et
656 506 741 556 perdere
749 519 779 551 n,

57 553 80 592 in
91 560 227 605 quo'tamen,
241 568 307 605 quum
317 556 382 593 verba
395 555 433 593 sibi
445 568 530 606 prorsus
547 555 654 592 contraria
666 571 747 594 servare
757 561 778 592 et

54 610 153 659 perdere,
161 651 163 654 .
170 612 176 654 i
184 620 275 656 quorum
291 607 349 657 prius
367 607 452 645 omnino
469 621 482 645 a
494 607 596 656 sententia
606 607 666 644 huius
676 607 718 644 loci
728 607 778 645 alie-

56 671 110 695 num
128 657 223 704 videtur)
237 658 271 695 vix
285 658 376 708 simplici
391 658 466 707 copula
480 662 501 697 et
515 658 616 708 coniungi
630 657 721 708 possint,
734 659 778 696 iam

56 710 80 747 in
89 709 140 747 Diss.
149 721 196 746 mea
206 709 231 745 de
241 710 302 747 Lucr.
313 715 358 747 not.
365 710 397 748 33.
404 708 499 756 conieci,
512 709 600 753 fortasse
609 707 721 760 legendum
733 721 778 748 esse

56 777 152 810 superare
160 772 182 799 et
191 776 210 813 p.
222 776 252 808 v.‚
271 760 338 810 quod,
351 760 459 811 notissimo
476 760 600 810 compendio
615 761 730 811 scriptum,
744 762 778 800 fa·

55 859 149 955 guoretii
163 862 262 913 loquendi
277 860 434 915 ,rationi-bene
444 861 575 915 congrueret.
598 864 674 913 (Conf.
687 865 776 913 11,570.

71 919 102 956 76.
117 917 150 963 lV,
162 918 207 955 666.
220 917 277 955 1213.
291 917 316 964 V,
328 916 372 956 3952
383 914 427 964 412.
441 918 494 963 etc.)
520 918 548 953 Ex
558 916 654 953 omnibus
663 923 734 954 tamen
744 917 776 955 his

55 967 118 1005 variis
128 966 255 1012 lectionibus
265 967 344 1019 aliquid
353 967 520 1020 vulgari'melius
529 967 563 1005 vix
573 967 618 1004 erui
628 968 712 1017 poterit.
732 985 737 988 ·

109 1029 154 1071 354.
180 1033 263 1069 tandem
279 1031 335 1069 edidi
348 1045 398 1070 cum
409 1031 485 1070 Eichst.
496 1044 520 1069 ex
528 1033 589 1069 Poor.
601 1033 659 1069 Cant.
669 1031 715 1070 Ald.
726 1033 744 1070 1.
754 1033 775 1072 2.

55 1085 106 1122 Bon.
120 1085 187 1131 lunt,
200 1082 251 1125 licet
265 1083 326 1123 Wak.
339 1082 396 1122 hanc
410 1096 520 1133 „crassam
536 1083 592 1121 dicat
607 1083 777 1134 emendationem

55 1133 232 1172 homunculorum
248 1146 259 1171 e
274 1134 364 1173 lectione
377 1135 480 1188 genuinae
489 1134 776 1185 proxima'nihil'ex'scutpere

46 1186 196 1224 -italentiun1.“
223 1186 287 1237 Lugd.
300 1189 316 1226 1.
327 1189 346 1227 2.
361 1188 417 1225 enim
432 1190 527 1236 eandem,
543 1186 607 1223 ceteri
620 1186 669 1223 libri
684 1183 776 1235 eundem,

55 1238 111 1276 unde
124 1235 189 1276 Wak.
205 1237 260 1274 coni.
274 1239 354 1287 eddem,
369 1238 472 1287 scilciet,
485 1238 501 1276 i.
511 1250 528 1277 e.
540 1237 647 1285 similiter,
661 1238 777 1288 cumsynia-

55 1289 95 1327 tesi
109 1288 189 1326 hiatum
203 1302 286 1339 quoqne
304 1290 426 1336 admittens,
439 1289 501 1332 male.
529 1289 596 1340 Vulgo
611 1288 679 1327 editur
696 1292 776 1331 demum

55 1347 128 1378 contra
140 1340 211 1379 libros.
241 1341 340 1378 Ceterum
351 1341 444 1379 do'omni
454 1340 495 1378 hoc
505 1339 554 1387 loco
560 1367 565 1388 ,
581 1340 608 1378 ob
617 1340 775 1380 'sensum'etiam

54 1390 164 1443 suspecto,
180 1392 267 1429 disserui
276 1393 297 1429 in
309 1394 388 1431 Gomtn.
399 1406 447 1430 mea
456 1392 513 1443 p.'58
524 1406 539 1431 ε.

106 1456 150 1495 859.
178 1472 231 1508 quae
242 1461 316 1511 quoto]
330 1456 391 1494 Vind.
401 1456 450 1494 Brit.
463 1459 481 1495 1.
492 1463 512 1493 et
525 1454 578 1493 Brix.
589 1457 637 1494 Ver.
648 1460 700 1495 ven.
712 1448 775 1510 quaess

54 1523 142 1561 cunque,
156 1507 231 1559 Ala-1.
248 1512 298 1548 Bon.
312 1524 411 1562 quaeque,
425 1510 478 1546 lunt.
494 1507 539 1545 ΑΜ.
550 1509 569 1548 2.
599 1512 707 1561 Ceterctque
723 1525 778 1551 cum.
842 1538 844 1542 .

53 1580 80 1588 -
94 1559 172 1610 taincn]
188 1560 527 1611 sicWak.cumomnihuslihris.
555 1559 625 1611 Vulgo
634 1564 724 1610 tandem.
789 1610 792 1613 ῃ
818 1594 820 1598 .
842 1579 844 1597 t

56 812 95 850 cile
102 812 123 849 in
133 814 215 851 se‘rncre
224 812 313 858 transire
322 815 441 862 poterat,.et
451 812 566 856 sententiae
576 814 619 850 no‘n
629 813 704 860 minus,
713 826 777 864 quam
830 826 832 828 ·

106 1626 150 1664 860,
176 1624 261 1662 Retinui
275 1625 331 1663 hune
349 1636 433 1669 versum
447 1637 472 1662 ex
488 1624 571 1676 vulgari
579 1624 671 1671 ratione,
686 1625 775 1675 quaein
841 1651 843 1675 ,

55 1687 80 1713 eo
92 1681 175 1712 tantum
185 1690 197 1713 a
210 1677 272 1715 Godd.
286 1683 307 1714 et
315 1683 366 1714 vett·
378 1676 436 1714 editt.
448 1676 566 1725 paullulum
575 1675 667 1723 recedit,
682 1677 737 1727 quod
751 1677 775 1714 hi
841 1676 844 1710 ί

54 1739 127 1765 omnes
139 1729 213 1767 Mollia
224 1728 336 1778 praebent3
349 1741 399 1765 nam
411 1728 433 1765 in
444 1728 497 1765 Brix.
508 1729 556 1765 Ver.
569 1728 620 1765 Ven.
626 1728 738 1780 frngrosa,
752 1729 774 1767 in
842 1766 845 1772 ,

53 1780 103 1817 Brit.
114 1781 133 1818 2.
146 1783 268 1832 porticena,
284 1786 305 1817 et
321 1780 342 1817 in
354 1779 399 1818 Ald.
414 1781 432 1819 1.
447 1781 498 1818 Bon.
512 1795 561 1818 roro
574 1778 628 1831 legi,
642 1770 773 1819 hoc⁵nullius
790 1798 797 1809 r

53 1837 86 1868 est
94 1832 208 1881 momenti,
221 1831 271 1870 licet
281 1831 342 1870 Wak.
353 1831 420 1880 dieat,
433 1832 464 1868 Pii
479 1831 593 1868 rationem:
610 1833 696 1879 Mollia,
710 1834 773 1880 lenta,
840 1856 842 1881 p

47 1884 153 1936 fragosa,
163 1887 222 1936 putri
232 1897 284 1923 cava
294 1899 387 1937 corpore,
400 1899 461 1931 retra,
474 1883 513 1920 sibi
523 1896 564 1920 non
576 1882 667 1919 multum
678 1883 774 1934 displice·
839 1881 844 1924 t

52 1947 83 1973 re.
111 1935 144 1973 Sic
162 1942 233 1974 autem
249 1936 308 1974 locus
325 1934 486 1989 construendus,
501 1941 525 1973 ut
540 1950 623 1987 corpore
634 1946 699 1986 aeque
708 1935 773 1986 perti·
841 1941 844 1988 ζ

52 1992 102 2025 neat
114 1987 140 2025 ad
150 1990 217 2037 molli,
230 1991 299 2041 putri,
312 2003 366 2028 raro·
460 2007 461 2010 ¹
537 2012 539 2014 >

105 2043 129 2077 V.
141 2037 186 2079 864.
214 2040 255 2078 'am
265 2040 345 2089 saepius
354 2039 432 2086 adfuit3
446 2038 487 2077 vid.
498 2042 513 2084 Ι,
521 2036 567 2077 674.
577 2038 622 2077 797.
635 2040 659 2086 ll,
671 2039 716 2079 756.

107 2092 151 2130 867.
178 2090 284 2142 rffutont]
300 2092 359 2132 Vind.
370 2093 447 2142 fragm.
461 2090 519 2127 Vind.
530 2090 579 2128 Brit.
590 2092 610 2129 2.
620 2091 641 2130 3.Ἰ
655 2092 711 2131 Cant.
723 2091 774 2129 Ver.
839 2061 841 2127 i

53 2146 75 2180 ei
86 2141 138 2181 Ven.
149 2155 258 2195 reputant,
271 2145 333 2183 Poor.
346 2150 369 2182 et
379 2144 428 2182 Brit.
441 2145 459 2182 l.
471 2153 592 2195 repugnant.

103 2207 147 2246 Vss.
160 2209 196 2247 871
207 2221 233 2248 ss.
258 2207 351 2259 Arnobio
366 2211 390 2246 II.
400 2221 421 2258 p.
431 2205 463 2246 46.
477 2213 498 2244 et
508 2208 551 2245 VH.
564 2219 584 2257 p.
593 2204 639 2246 ΞΜ.
654 2213 702 2246 ante
718 2214 771 2247 ocu·
838 2183 843 2245 i

50 2257 83 2296 los
93 2257 170 2306 fuisse,
182 2261 254 2299 Lamb.
265 2268 286 2299 et
296 2261 358 2299 Wak.
370 2260 494 2298 docuerunt.
701 2283 703 2285 v
840 2267 843 2275 ’

104 2312 150 2350 872.
174 2313 278 2364 putorem]
304 2313 334 2350 sic
356 2312 416 2351 Wak.
434 2307 482 2349 cum
497 2309 592 2348 omnibus
609 2310 655 2349 fere
671 2312 734 2352 Codd.
751 2319 772 2350 et
839 2351 845 2368 ἵ

51 2364 131 2401 cunctis
143 2362 201 2402 editt.
212 2371 272 2413 vett,
286 2364 411 2415 quibuscum
422 2362 527 2401 consentit
538 2362 586 2400 edit.
598 2362 695 2414 princeps
705 2370 771 2402 Arno·
792 2368 794 2371 ’
839 2369 845 2417 3}

49 2414 85 2452 hii.
101 2415 178 2463 (Cous.
190 2415 253 2454 etiam
262 2431 281 2455 v.
291 2418 349 2463 929.)
369 2416 437 2465 Vulgo
446 2420 600 2468 patrarem-ut
609 2415 631 2453 in
641 2415 707 2467 Lugd.
720 2419 737 2457 1.
750 2423 771 2455 et
839 2441 843 2450 ι

48 2467 118 2518 Bodl,
134 2468 152 2506 si
163 2467 298 2508 collatoribus
308 2469 360 2508 fides
372 2469 476 2509 habenda.
