1690 2654
105 126 153 172 240
325 126 597 170 ANNOTATIONES
657 137 666 172 ’.

105 237 139 276 vel
149 234 239 286 impulsu
249 240 330 275 mutato
340 235 363 275 in
373 236 504 286 universum,
524 236 560 276 sed
571 243 655 278 tantum
670 237 696 277 de
710 240 819 279 minunmm

104 294 185 326 mutato
197 286 239 324 diei
247 288 346 338 potuisse.
360 289 437 329 Eichst.
448 296 520 327 tamen
530 290 638 342 vulgarem
647 291 746 330 restituit.

155 340 201 378 222.
227 340 293 390 Lugd.
307 342 325 379 1.
336 343 355 380 2.
371 341 429 379 Bodl.
446 341 508 380 Vind.
523 342 574 380 Brit.
587 344 607 383 2.
622 344 642 383 3.
659 344 715 382 Cant.
731 348 752 380 et
765 341 817 379 Brix.

103 390 151 429 Ver.
162 392 213 429 Ven.
235 393 329 440 Ιιηῖηεε,7
339 398 359 430 et
373 392 438 430 iidem
447 392 497 431 libri
509 393 581 443 (certe
594 400 673 445 septem
685 392 817 443 posteriores,

103 453 156 493 quos
168 447 189 478 et
197 442 257 480 Wak
271 450 292 480 et
302 456 340 496 ego
352 444 490 493 contulimus)
505 455 539 495 ut,
553 457 617 496 quare
626 445 686 484 Wak.
695 445 818 495 suspicatur,

102 493 223 531 Lucretium
231 495 336 545 scripsisse
342 498 417 534 Imbres
428 508 452 535 ut
459 508 539 547 guttae,
546 494 727 546 ‘quemadmodum
737 496 818 534 dicatur

96 544 163 596 soma
179 561 244 588 onus,
259 545 312 598 ἅνῆρ
323 545 418 600 βασιλεύς
428 551 448 586 ot
458 547 539 585 similia.
567 550 614 586 Non
624 548 727 587 assentior.
778 588 784 596 ‚

154 598 199 637 227.
208 599 253 637 228.
265 600 352 650 plagas]
366 600 395 636 sic
405 604 490 648 apparet
499 599 521 636 in
536 598 585 648 Brit.
597 601 616 638 1.
625 601 655 648 3,,
669 605 690 637 et
704 599 730 637 ab
746 597 818 637 eadem

102 658 167 685 manu
181 651 343 699 superscriptum
357 650 379 686 in
394 651 460 699 Lugd.
475 652 509 695 2.;
528 650 627 699 Lugdu
641 651 727 703 plagin
742 650 817 696 litura3

101 698 178 749 reliqui
191 713 263 738 omnes
270 704 384 752 plagis.·-
398 700 494 751 possint]
515 701 575 739 Vind.
589 702 638 740 Brit.
653 703 672 740 1·
686 703 706 740 2.
723 702 743 740 3.
759 702 816 739 cant.

103 752 123 787 et
131 751 184 790 Brix.
192 752 239 788 Ver.
253 755 333 802 possim
348 762 412 800 quare
421 750 482 788 Wak.
498 750 553 790 coni.
566 771 591 778 -
601 772 628 785 -.-
636 753 707 805 plagis
721 754 816 805 (lignem,

101 815 154 890 tqrzoe
160 805 228 889 potssz't
231 803 337 892 ἑ314611ιῖ111]ιέ
349 818 367 840 r.
377 817 403 840 m.
430 801 469 839 Sed
482 802 511 891 fib
521 802 636 891 ‘modiorum
653 802 716 892 {lodii
727 803 816 842 auctori-

110 864 184 889 seme
202 866 221 891 v.
272 866 314 891 ,vu
323 865 395 903 garem
404 866 447 890 non
459 866 481 890 so
498 866 526 891 1c1
536 867 563 890 an
578 867 613 892 am
623 867 653 904 pu
664 867 683 893 o.

140 932 145 962 η,
152 905 198 943 230.
225 906 331 954 deorsum]
349 903 415 956 Lugd.
432 906 451 944 1.
465 906 484 944 2.
499 920 579 958 rarum,
600 905 659 946 Gott.
674 920 744 956 arum,
762 904 816 943 mira

101 959 205 995 varietate.
400 987 403 990 s
501 984 505 990 .
527 980 534 985 .

153 1008 177 1045 V.
191 1008 237 1047 237.
262 1006 305 1044 iam
315 1007 383 1045 adfuit
391 1010 408 1055 Ι,
419 1008 477 1048 1079.
583 1045 586 1051 ,

152 1056 197 1097 140.
222 1060 333 1110 poterunt]
363 1059 429 1097 eodo.
446 1057 520 1109 optimi
535 1050 601 1112 uugi.
618 1060 637 1099 1.
652 1059 674 1107 2:
686 1058 750 1111 sou
767 1070 816 1096 oum

100 1107 154 1147 Brix.
164 1111 212 1147 Ver.
223 1111 275 1148 Ver.
284 1121 408 1164 potuerunt,
427 1110 583 1164 sodlmendoso²
602 1111 655 1150 sicut
666 1110 717 1151 Brit.
731 1112 750 1150 1.
761 1124 816 1150 nun-

101 1174 161 1211 quam
169 1173 208 1209 pro
220 1176 315 1214 unquam.
504 1167 506 1171 ’
657 1177 659 1179 ’

152 1212 198 1251 243.
211 1215 309 1252 inclinare
314 1210 375 1250 Walr.
385 1217 442 1249 recte
451 1211 578 1258 exomnibus
585 1211 644 1250 libris
653 1211 751 1259 restitum
763 1212 814 1249 Hau.

101 1273 151 1299 cum
156 1263 276 1314 vulgaribus
286 1265 369 1310 cithare,
376 1262 439 1314 quod,
450 1261 513 1302 Godd.
522 1276 565 1301 non
570 1263 646 1311 invitis,
657 1264 741 1301 herese
751 1263 815 1301 habe-

99 1320 137 1351 ret.
145 1314 204 1362 (Vide
214 1315 270 1352 infra
277 1315 327 1352 adv.
332 1317 387 1360 292.)
395 1316 498 1354 Inclinore
505 1319 574 1352 aulem
583 1314 720 1353 imtransitive
728 1326 815 1364 usurpa-

100 1367 144 1403 tum
151 1379 190 1416 pro
201 1379 223 1404 se
232 1366 338 1412 inclinare,
351 1365 376 1404 de
384 1370 441 1404 recta
449 1366 504 1403 linea
511 1365 625 1404 deflectere.
632 1365 700 1412 (Gouf.
707 1365 815 1413 ad1,39ss.)

151 1416 197 1457 247.
212 1421 233 1457 in
243 1434 264 1457 se
275 1417 317 1468 est]
335 1417 401 1469 Lugd.
417 1421 436 1457 1.
449 1419 467 1456 2.
483 1419 537 1456 Gott.
553 1417 610 1457 Eodl.
626 1417 686 1457 Vind.
699 1416 749 1459 Brit.
763 1419 784 1457 2.
793 1419 813 1458 3.

99 1479 148 1506 cum
160 1469 212 1507 Brix.
224 1473 273 1508 Ver.
285 1470 335 1508 Veri.
346 1473 403 1507 inest.
417 1468 478 1517 (Vid.
486 1469 519 1508 ud.
528 1482 548 1506 v,
559 1469 614 1515 205.)
637 1505 640 1508 .

149 1521 195 1560 250.
222 1523 333 1559 Declinare
342 1533 391 1558 cum
402 1532 470 1558 accus.
482 1519 564 1567 obiecti,
579 1518 731 1570 quem·.dicunt,
743 1518 815 1556 statim

98 1567 155 1609 redit
165 1586 184 1609 v.
196 1572 240 1612 259.
248 1571 314 1620 etvix
324 1584 375 1621 opus
384 1571 465 1616 fuisset,
478 1578 502 1610 ut
511 1570 572 1610 Wak.
582 1576 630 1621 post
640 1570 733 1609 Lambin.
742 1570 814 1618 lauda7

98 1629 132 1661 ret
143 1621 309 1681 Virg.Aen.21V,
320 1623 363 1662 185.
375 1626 394 1661 et
405 1623 446 1661 Cic.
460 1622 485 1660 de
497 1623 541 1660 fato
557 1635 580 1661 o..
589 1624 634 1670 20,
654 1621 730 1671 (quem
741 1622 814 1662 locum

81 1673 84 1683 ¹
98 1674 143 1711 iam
153 1674 180 1710 ad
189 1687 208 1711 v.
219 1676 264 1713 220.
273 1674 395 1720 attulimus).
410 1675 464 1710 Nam
475 1674 504 1709 sic
515 1675 577 1710 etiam
592 1673 657 1712 Plaut.
669 1672 737 1708 Aulul.
748 1676 782 1718 IV,
794 1675 813 1720 8,

99 1727 132 1763 11.
147 1731 168 1762 ot
179 1724 236 1763 Ovid.
247 1726 295 1762 Met.
311 1727 335 1768 Il,
352 1726 409 1770 138.;
421 1737 460 1761 nec
476 1724 536 1761 aliter
550 1722 680 1775 explicandos
696 1723 750 1762 duco
769 1723 813 1764 Liv.

98 1777 196 1823 XXXVI,
205 1777 238 1816 23.
246 1777 310 1822 XLu,
323 1777 360 1816 63»
366 1782 386 1814 et
395 1775 470 1813 similes
480 1775 546 1814 locos,
579 1782 581 1785 “
627 1802 629 1807 -

150 1827 196 1867 251.
223 1828 298 1877 motus]
312 1827 376 1878 Lugd.
389 1829 406 1866 1.
415 1829 434 1866 2.
446 1826 503 1868 Bodl.
513 1826 576 1866 vind.
587 1826 636 1865 Brit.
646 1828 664 1867 1.
671 1827 690 1865 2.
697 1827 716 1866 3.
727 1832 748 1863 et
758 1826 812 1865 Brix.

97 1889 160 1926 motu,
173 1879 227 1916 uude
235 1879 288 1916 nihil
298 1878 372 1916 elicere
382 1889 473 1927 possum.
549 1880 550 1885 ’
811 1877 815 1883 ‘

149 1931 195 1970 252·
222 1927 300 1980 uetere]
315 1929 376 1969 Wak.
387 1943 410 1967 ox
421 1936 463 1968 u'no
476 1927 524 1969 Cod.
534 1928 582 1967 Brit.
594 1930 612 1969 1.
621 1929 691 1974 ueteri,
703 1932 767 1969 recte·
776 1927 813 1967 de-

98 1987 163 2020 sertus
173 1982 199 2020 ali
209 1981 354 2021 Eichstaedtio.

150 2034 196 2073 257.
221 2034 326 2084 voluntas]
345 2032 374 2071 sic
386 2032 521 2072 Lamli.'Hav.
532 2030 593 2070 Wak·
604 2030 679 2070 Eiohst.
690 2044 739 2070 cum
748 2031 812 2070 codd.

98 2082 161 2122 Vind.
176 2088 195 2122 ot
211 2086 261 2125 Brit.
275 2088 306 2131 2.;
325 2084 450 2122 ceterilibri
466 2084 658 2132 omnesrroluptas,
678 2096 730 2132 quae
749 2084 813 2121 verba

99 2135 163 2172 etiam
170 2149 230 2173 versu
239 2149 280 2185 seq⁴
293 2135 462 2184 confunduntur,
482 2134 519 2173 ubi
532 2134 627 2184 voluptas
638 2137 695 2184 recte
707 2147 728 2173 se
737 2134 810 2182 hahet3

84 2233 85 2236 Ἰ
98 2185 135 2224 sed
143 2187 208 2238 Lugd.
222 2189 239 2227 1.
251 2188 312 2226 Viud.
322 2187 371 2226 Brit.
381 2188 400 2227 3.
413 2193 434 2225 et
445 2185 500 2225 Brix.
517 2184 593 2234 Aldffil.
603 2185 622 2224 2.
635 2187 685 2223 Bou.
696 2184 755 2229 lunt·
773 2194 823 2226 sao-¹

99 2238 182 2282 luntas5
198 2238 221 2275 iu
230 2239 278 2277 Brit.
291 2242 310 2279 2.
326 2245 346 2277 et
361 2241 424 2277 Poor'.
435 2241 492 2276 totus
505 2250 524 2273 v.
532 2237 578 2277 258.
592 2235 724 2278 desideratur.
736 2237 811 2288 (Gonf.

98 2290 156 2341 Virg·
165 2288 206 2328 Ecl.
215 2292 240 2335 ll,
251 2291 282 2330 65.
294 2291 337 2328 iam
348 2291 449 2327 Lombino
461 2288 572 2334 laudatus.)

148 2343 195 2380 260.
222 2345 253 2379 uti
262 2342 322 2381 Wak.
334 2342 398 2379 edidit
407 2354 418 2379 e
428 2340 489 2389 coni,
503 2352 567 2390 quam
576 2338 651 2378 fulcire
661 2339 810 2379 videturloetio

99 2391 147 2432 Cod.
165 2391 214 2429 Brit.
225 2392 245 2431 3.
261 2404 295 2438 ut;
308 2393 371 2432 ceteri
380 2392 430 2432 libri
438 2394 486 2439 ubi,
500 2390 677 2443 quemadmodum
686 2392 748 2444 vulgo
758 2392 811 2445 legi-

96 2450 138 2496 tur,
152 2443 222 2482 minus
233 2443 292 2484 boue.
707 2486 709 2488 ,

148 2497 193 2537 262.
207 2500 299 2543 morus]
313 2508 353 2535 vox
367 2497 422 2536 deest
435 2494 516 2535 inurit.
526 2496 545 2536 2·
555 2496 574 2536 3.
592 2501 613 2534 et
623 2495 676 2534 Brix.
687 2497 736 2536 Ver.
747 2496 808 2544 Ven.;
