1690 2654
203 108 244 148 AD
260 104 395 147 LIBRUM
411 102 582 155 QUARTUM.
708 97 756 145 357

90 216 135 255 579.
161 217 206 255 vicli
218 215 314 264 reddere]
327 215 392 265 Lugd.
404 215 422 253 1.
435 216 455 254 27
469 214 538 252 videre
552 214 626 257 odore5
639 210 661 248 in
673 208 724 249 Brit.
736 209 755 248 1.

17 284 22 291 κ
40 277 109 304 versus
119 267 149 305 sic
161 268 312 316 corrumpitur:
326 271 366 306 Sex
377 270 439 306 etium
448 275 486 304 out
496 274 572 318 septem
582 278 641 304 uoces
651 264 697 302 loco
706 263 754 301 odo·

39 333 61 356 re
74 321 135 409 labelli.
162 367 299 421 repulsantes]
314 366 371 404 aodt.
385 369 433 405 Ver.
452 369 505 407 Ven.
521 363 567 402 Atti.
579 365 597 403 1.
609 370 630 401 et
640 367 754 415 Bonpro-

35 421 146 472 pulsantes.
166 440 192 446 -
211 418 298 468 referri]
322 419 351 455 sic
367 418 427 456 Wak.
443 429 493 454 cum
508 416 605 453 omnihus
621 416 667 454 fere
683 416 753 461 libris;

39 471 99 508 Vind.
111 472 163 507 lunt.
175 475 195 505 et
205 469 250 506 Ald.
260 472 280 509 2.
295 471 380 522 referre,
392 475 417 505 ut
432 468 494 518 vulgo
509 467 594 517 legitur.
620 466 696 516 „ordo
712 473 753 505 est:

38 521 72 559 Ita
89 520 164 562 colles.
177 520 306 568 repulsantes
319 519 375 556 dicta
388 519 465 565 verba,
478 518 597 555 interchant
607 517 683 555 referri
696 518 721 566 (i.
736 529 753 559 e.

39 568 91 610 ὥστε
99 570 186 616 referri,
199 572 228 607 ita
238 577 262 607 ut
271 570 414 618 referrentur)
430 570 543 610 collibus.“
557 572 588 608 W
591 584 604 607 a
610 571 629 607 lc.
657 570 754 607 Ceterum

38 623 99 661 Wak.
110 635 147 671 pro
160 623 261 661 iterabant
275 622 330 659 coni?
341 623 451 670 curabant,
466 621 531 659 Bentl.
544 633 605 669 vero,
619 620 636 658 si
649 620 709 659 Walr.
720 632 754 657 re·

39 680 73 712 cte
88 673 196 723 intelligo,
211 675 294 712 collibus
307 675 350 712 icto
361 676 387 713 V.
396 689 413 712 r.
425 676 439 713 i.
449 676 490 726 ipsi
503 671 550 722 (vel
559 672 618 726 rpaa)
632 689 660 719 r.‚
672 678 754 711 utrum·

39 737 79 776 que
88 731 171 774 praeter
181 725 330 762 necessitatem.
747 728 752 739 ‘

88 776 134 815 586.
159 775 232 824 sonus]
247 775 276 813 ita
290 775 349 818 Wak.
367 774 432 811 edidit
446 786 458 812 e
472 773 538 825 Lugd.
548 775 580 821 2,,
595 787 660 824 quum
672 781 753 813 veteres

37 838 113 863 vocem
124 841 185 864 sonus
195 827 258 863 etiam
268 826 295 863 ad
304 832 400 876 quartam
410 825 571 863 declinationem
582 826 664 863 flexisse
677 826 753 864 doceat

38 877 118 915 Nonius
127 878 179 924 viti,
188 879 219 917 67.
245 877 347 928 Equidem
357 883 429 913 tamen
441 876 536 913 oninium
547 876 678 926 reliquorum
686 878 753 914 libro·

19 927 21 933 ⁰
37 939 85 966 rum
95 927 209 966 lectionem
217 943 277 967 sonos
285 935 396 977 propterea
406 940 448 964 non
460 928 530 964 statim
541 928 668 965 reiecissem.

89 979 134 1017 587.
154 978 244 1028 fundit]
258 980 312 1018 Brix.
324 981 371 1017 Ver.
382 981 510 1029 Venfindr'r,
524 979 583 1015 Bodl.
589 980 663 1031 fingit,
676 978 753 1019 urite.

31 1027 117 1081 sentiit,
140 1042 204 1079 quam
224 1032 317 1079 „poetae
336 1029 448 1081 genuinam
466 1030 615 1079 scripturam“
637 1030 754 1069 arbitratur

37 1080 97 1120 Walr.
111 1080 169 1120 conf.
180 1083 205 1131 V,
218 1083 287 1129 1384„
300 1082 337 1119 uhi
347 1081 405 1118 idem
415 1093 485 1118 versus
496 1082 592 1120 recurrit.

87 1131 133 1169 589.
147 1133 266 1181 vellamine]
282 1135 345 1179 „Hoc
355 1131 439 1171 Vossius
451 1132 531 1168 effinxit
540 1145 565 1169 ex
574 1132 679 1181 scriptura
690 1132 753 1170 codd.

36 1181 103 1232 Lugd.
116 1183 134 1220 1.
143 1184 163 1220 Ξ.
177 1195 215 1231 pro
225 1182 310 1234 vulgato
321 1185 433 1222 velamina:
447 1189 468 1220 et
477 1182 534 1221 idem
543 1183 622 1232 placuit
631 1184 713 1222 Heinsio
726 1184 753 1222 ad

36 1232 82 1272 Val.
92 1231 251 1281 Flaoc.111‚50.
272 1236 330 1271 Hanc
342 1233 509 1272 emendationem
519 1235 586 1273 trihus
596 1234 621 1272 de
631 1236 706 1273 caussis
716 1234 753 1273 ad-

36 1282 162 1320 mittendam
172 1284 284 1336 arbitratus
297 1298 353 1323 sum:
368 1285 424 1336 quod
436 1286 552 1323 doctiorem
563 1286 641 1323 efficiat
650 1293 671 1323 et
681 1286 753 1336 exqui-

36 1333 129 1371 sitiorem
139 1335 262 1382 lectionem
277 1337 333 1387 quod
343 1337 451 1374 Lucretius
460 1350 482 1373 sc
494 1337 571 1386 passim
582 1337 676 1374 ostendat
685 1337 753 1374 varie·

36 1390 79 1423 tate
95 1385 193 1435 phraseos
209 1387 322 1438 delectari,
336 1394 357 1426 et
372 1389 480 1439 vulgarem
495 1388 624 1427 locutionem
638 1388 680 1426 iam
689 1387 751 1427 adhi-

35 1436 105 1474 buerit
114 1438 140 1475 ad
149 1441 164 1485 1,
176 1440 221 1478 929.
232 1437 307 1487 1V,'5.;
321 1439 377 1490 quod
388 1440 476 1491 denique
486 1453 547 1478 voces
555 1442 610 1479 vallo
623 1446 644 1477 et
653 1443 697 1480 velo
706 1452 752 1478 sae-

36 1487 129 1536 piuscule
141 1496 281 1527 commutatae
291 1492 332 1527 sint
342 1491 443 1528 librariis:
456 1492 518 1528 adeas
525 1504 578 1528 varr.
586 1491 645 1528 lectt.
658 1492 685 1529 ad
692 1491 751 1530 Ovid.

37 1549 62 1574 ex
71 1539 178 1586 P.1‚e‚23.
192 1545 224 1589 iv,
232 1540 263 1590 14,
270 1542 301 1581 55.
317 1539 389 1580 Claud.
401 1542 463 1591 prim.
474 1555 529 1580 cons.
543 1542 588 1580 Stil.
601 1545 626 1589 Il,
641 1544 685 1582 189.
699 1548 751 1582 sext.

37 1600 93 1626 0011&
102 1592 155 1639 Hon,
165 1589 209 1632 647.
221 1600 275 1642 rapt.
286 1595 342 1631 Pros.
352 1596 376 1640 Il,
386 1595 431 1634 325.
445 1596 479 1640 tii,
489 1595 533 1633 320.
545 1593 603 1644 idyll.
613 1595 646 1642 1V,
655 1595 687 1642 23.
702 1595 752 1632 Cer·

36 1644 57 1675 te
67 1640 176 1678 fatendum
187 1645 251 1682 estro
264 1647 343 1683 vallare
352 1647 432 1695 saepius
443 1645 536 1682 adhiberi
549 1646 574 1682 de
586 1646 680 1694 capitum
691 1652 751 1695 tegu-

36 1692 110 1727 mentis
121 1698 224 1731 terrorem
233 1695 387 1743 mentientibus,
401 1704 425 1732 ut
434 1709 451 1737 e.
457 1710 476 1747 g.
485 1696 541 1745 apud
551 1699 622 1734 Senec.
632 1698 693 1734 Herc.
703 1700 750 1733 Oet.

36 1742 114 1799 1935ss
128 1748 159 1783 W
161 1761 174 1782 cr
179 1748 198 1783 lr.
225 1747 277 1798 Brin
290 1760 372 1797 quoqne
383 1747 447 1785 lectio
456 1750 560 1787 volamine
569 1754 666 1798 receptae
677 1747 751 1786 lectio·

30 1804 58 1829 ini
68 1793 134 1840 magis
144 1795 215 1833 favere
226 1797 320 1845 videtur,
334 1812 397 1848 quam
407 1799 510 1849 vulgatae.

87 1846 132 1885 591.
158 1862 183 1884 ne
194 1859 257 1885 cesset
267 1848 327 1886 Wak.
340 1851 430 1896 positum
442 1851 506 1887 hahet
515 1862 566 1900 pro:
580 1849 662 1898 „ade0‚
676 1855 701 1886 ut
713 1860 750 1886 re-

35 1905 84 1931 vera
94 1908 201 1947 nunquam
211 1905 288 1947 cessat,
302 1907 325 1936 ut
336 1903 464 1938 Graecorum
477 1902 512 1939 lvo
521 1899 550 1950 μὴ
560 1899 664 1950 ouantem
671 1903 684 1923 “
698 1913 750 1949 qua-

35 1955 62 2001 re·
75 1946 128 1983 coni,
146 1961 206 1986 suam
222 1965 258 1988 nec
274 1962 350 1998 cessat,
365 1951 415 1989 licet
431 1945 481 1989 Brit.¹
490 1954 520 1998 2.,
534 1952 556 1988 in
567 1951 608 2002 quo
619 1967 656 1990 nec
663 1951 749 2002 legitur,

35 1994 165 2047 aliquatenus
174 1999 292 2049 firmatam,
305 2001 327 2039 in
337 2008 456 2048 contextum
467 2003 561 2052 recipere
572 2016 615 2040 non
627 2002 696 2040 audet.

4 2064 6 2066 ·
86 2049 140 2094 592.
159 2055 230 2090 Cetera
244 2052 279 2101 de]
295 2053 324 2090 sic
339 2056 398 2090 Poor.
417 2055 476 2090 Cant.
493 2055 538 2092 Ald.
552 2057 571 2094 1.
583 2057 603 2093 2.
617 2056 668 2093 Bon.
684 2055 749 2105 qut,

36 2108 87 2145 quos
102 2097 195 2150 reliquae
212 2101 271 2141 editt,
288 2111 388 2155 sequutae
404 2112 463 2150 sunt;
476 2105 541 2156 Lugd.
554 2108 571 2144 1.
583 2107 603 2144 2.
617 2104 675 2142 Bodl.
688 2104 750 2143 Vind.

35 2150 107 2205 Petere
119 2151 154 2199 de,
168 2153 215 2192 Ver.
226 2154 277 2195 Ven.
291 2159 363 2195 Potare
374 2159 409 2205 de,
424 2155 472 2193 Brit.
481 2157 500 2195 2.
512 2161 583 2195 Fetere
595 2159 630 2203 (le,
644 2155 749 2196 Brinta

35 2199 90 2237 Brun
104 2204 224 2257 Praeterea,
239 2219 303 2255 quare
315 2208 375 2246 Wak.
388 2208 441 2249 coni.
450 2212 560 2246 Praetereo
568 2211 602 2255 jn,
616 2207 652 2244 sed
665 2208 688 2244 in
699 2220 749 2244 oon-

35 2251 159 2339 lingeinhss
174 2267 252 2294 novare
264 2258 329 2296 tutius
345 2259 414 2297 hahet.
446 2259 521 2296 Versus
538 2258 655 2295 simillimus
670 2258 749 2309 legitur

59 2326 65 2347 ἲ
119 2330 123 2338 “
588 2343 591 2345 r

53 2366 56 2368 ·
84 2352 131 2409 596.
150 2359 308 2410 'auricularum
328 2360 376 2398 Brit.
391 2362 411 2400 Ξ.
427 2363 566 2408 ornicularem,
586 2361 644 2401 Bodl.
660 2361 748 2399 amicula

35 2415 97 2439 mmm
104 2428 109 2445 ²
122 2404 174 2441 ΒΓΗ·
188 2407 236 2447 Ver·
248 2413 298 2451 Veli·
308 2414 397 2451 amicula
407 2428 481 2452 ramus.
508 2414 575 2452 Bentl.
588 2412 642 2450 coni.
653 2412 748 2450 miracle-

35 2466 91 2499 rurn5
104 2453 140 2491 sed
153 2454 256 2498 librorum
270 2461 334 2503 lectio
348 2464 415 2517 longe.
427 2464 575 2515 praeferentis.
590 2462 646 2515 quod
655 2474 748 2501 summus
