1690 2654
114 125 163 172 1ῖο
246 124 288 165 DE
304 124 426 164 RERUM
439 123 578 165 NATURA
593 125 655 167 IrlB.
671 126 709 171 vl.

160 266 165 275 ,
177 234 242 284 Atque
251 232 334 280 labore,
344 233 408 282 pudor
420 245 479 282 quem
490 236 534 271 tum
546 234 630 284 cogebat
642 234 706 283 obire,

106 301 108 304 ·
177 286 294 335 Blandaque
304 288 400 323 lassorum
413 298 460 333 vox,
474 285 536 324 mixta
548 298 597 325 voce
609 287 707 336 querelae.

24 359 26 362 ’
60 369 63 375 1
113 336 167 380 1245
179 339 277 389 Optumus
288 338 327 375 lroe
339 337 374 375 leti
386 349 448 388 genus
460 350 509 388 ergo
522 338 605 387 quisque
617 339 702 379 subibat.

204 390 266 439 Inque
279 388 323 427 aliis
335 388 407 440 allum,
420 390 515 439 populum
527 390 609 439 sepelire
621 403 702 430 snorum

179 443 293 489 Certantes,
304 442 397 479 lacrumis
409 441 468 480 lassei
479 442 572 490 luctuque
584 442 681 482 redibant.

179 494 227 541 Inde
239 494 313 531 bonam
325 493 434 543 partemin
447 494 623 533 lectummoerore
635 495 742 534 dabantur:
798 506 801 509 ·

177 546 219 586 Nee
230 549 307 595 poterat
320 545 423 595 quisquam
434 545 527 595 reperiri,
540 559 599 595 quem
611 559 674 596 neque
685 547 774 597 morbus,

110 595 167 639 125⁰
178 599 220 639 Nec
231 610 299 646 mors,
312 611 349 635 nec
360 598 424 636 luctus
436 602 519 636 tentaret
530 603 618 648 tempore
630 599 673 637 tali.

202 651 309 689 Praeterea
320 649 361 687 iam
374 654 440 698 paster
451 655 471 688 et
482 651 612 689 armentarius
624 649 694 700 omnis,

177 702 206 741 Et
216 702 309 739 robustus
321 701 370 739 item
383 701 442 739 curvis
450 702 563 739 moderator
574 704 636 740 aratri

136 794 139 797 ,
177 753 304 803 Languebat3
317 752 431 802 penitusque
443 765 490 790 casa
500 756 592 790 contrusa
603 751 699 794 iacebant

178 806 275 854 Corpora,
288 807 406 853 paupertate
417 808 436 841 et
448 805 518 841 morbo
531 804 596 842 dedita
607 804 674 845 morti.

111 855 165 898 1255
176 855 278 896 Exanimis
290 856 356 904 pueris
367 868 426 905 snper
437 856 549 895 exanimata
561 860 664 905 parentum

177 907 265 957 Corpora
275 920 414 957 nonnunquam
426 920 492 956 posses
503 913 595 958 retroque
607 908 675 946 videre

156 959 159 966 ’
176 960 275 1000 Matribus
288 964 308 998 et
319 960 408 1010 patribus
418 964 476 998 natos
489 973 547 1009 super
558 960 616 998 edere
628 960 698 999 vitam.

200 1012 243 1052 Nee
254 1011 365 1051 minumum
376 1016 452 1061 partem
465 1025 488 1050 ex
501 1012 556 1063 agris
568 1015 646 1051 moerdr
658 1013 675 1051 is
687 1012 709 1050 in
720 1010 791 1054 urbem

176 1064 285 1113 Confluxit,
297 1064 394 1116 languens
406 1077 465 1113 quem
477 1064 559 1103 eontulit
570 1063 705 1115 agricolarum

110 1114 164 1166 1260
176 1116 250 1167 Cepia,
263 1117 381 1155 conveniens
391 1129 415 1154 ex
427 1116 481 1154 omni
493 1116 583 1155 morbida
595 1120 657 1166 parte.

178 1168 251 1208 Omnia
263 1169 371 1206 condebant
381 1169 426 1207 loca
433 1172 539 1218 tectaque:
552 1181 591 1217 quo
603 1168 669 1219 magis
681 1170 737 1209 aestu

176 1221 280 1260 Confertos
292 1220 321 1258 ita
331 1219 440 1259 acervatim
452 1220 507 1257 Mors
519 1221 661 1259 accumulabat.

203 1272 270 1311 Multa
280 1270 312 1310 siti
323 1276 421 1321 prostrata
433 1272 487 1309 niam
499 1285 534 1321 per
545 1284 620 1322 proque
635 1271 704 1310 voluta

176 1324 275 1372 Corpora,
288 1324 361 1361 silanos
373 1324 399 1361 ad
413 1335 509 1372 aquarum
520 1327 593 1372 strata,
608 1323 704 1373 iacebant,

109 1374 282 1417 l2651nterclusa
295 1374 362 1413 anima
374 1374 436 1413 nimia
448 1376 474 1413 ab
487 1375 588 1413 dulcedine
600 1386 709 1424 aquarum:

173 1427 278 1475 Multaque
289 1439 324 1476 per
335 1426 403 1476 populi
413 1424 491 1476 passim
498 1427 544 1465 loca
555 1430 633 1476 promta
644 1425 726 1474 viasque

174 1479 279 1529 Languida
289 1479 407 1517 semianime
420 1482 465 1516 'eum
477 1490 559 1528 corpore
570 1478 663 1517 membra
672 1477 756 1527 videres,

174 1530 262 1569 Horrida
273 1531 369 1580 paedore,
383 1535 402 1568 et
414 1530 482 1578 pannis
494 1533 597 1580 cooperta,
610 1529 675 1579 perire
729 1530 732 1536 ’

93 1582 107 1589 ”’
175 1582 267 1631 Corporis
277 1581 357 1620 illuvie:
370 1581 428 1632 pellis
439 1594 497 1632 super
511 1581 587 1620 ossibus
599 1593 645 1630 una,

109 1632 162 1675 127⁰
173 1633 286 1672 Visceribus
296 1633 352 1672 tetris
364 1616 478 1683 propediem
491 1633 583 1682 sordique
594 1633 678 1683 sepultae

199 1685 272 1724 Omnia
286 1685 368 1734 denique
380 1688 448 1723 sancta
459 1686 518 1723 decim
529 1686 613 1723 delubra
623 1684 709 1733 replerat

174 1736 294 1785 Corporibus
306 1737 362 1774 Mors
373 1735 479 1783 exanimis,
495 1741 615 1785 onerataque
626 1734 701 1785 passim

137 1823 139 1831 ,
175 1788 250 1825 Cuncta
262 1787 391 1825 cadaveribus
402 1787 508 1825 coelestem
521 1788 595 1836 templa
606 1786 719 1836 manebant,

172 1838 289 1888 Hospitibus
300 1840 345 1877 loca
357 1843 407 1888 quae
418 1840 539 1888 complerant
550 1839 677 1878 aedituentes.

32 1914 33 1917 =
108 1887 162 1929 1275
172 1890 213 1929 Nee
225 1890 267 1928 inm
278 1891 348 1941 religio
362 1890 440 1938 dinem,
452 1894 515 1939 neque
527 1889 618 1934 numina,
630 1888 700 1940 magni

63 1974 65 1977 .
141 1962 143 1966 >
172 1941 320 1981 Pendebantur:
331 1941 384 1979 enim
395 1955 486 1992 praesens
498 1940 555 1980 dolor
565 1942 702 1990 exsuperabat.

198 1993 240 2033 Nee
252 2007 295 2032 mos
305 1995 340 2033 ille
352 1996 463 2043 sepulturae
474 1994 588 2032 remanebat
600 1992 621 2030 iu
634 1994 689 2039 urbe,

172 2045 217 2093 Quo
228 2045 273 2094 pius
285 2045 320 2084 hic
330 2047 414 2095 populus
425 2059 503 2096 semper
508 2046 620 2084 censuerat
628 2041 720 2082 humari:
746 2078 748 2082 .

171 2096 301 2135 Perturbatus
311 2097 364 2136 enim
375 2101 427 2136 totus
439 2098 555 2147 repedabat,
570 2099 589 2134 et
600 2100 650 2133 uuus

107 2147 328 2198 128⁰.Quisquesuum
340 2161 378 2199 pro
390 2145 412 2187 re
424 2153 534 2188 camertem
546 2149 632 2185 moestus
642 2147 746 2189 humabat-

195 2199 299 2251 Multaque
310 2201 332 2240 vi
343 2200 410 2239 subita
420 2204 526 2250 paupertas
536 2198 618 2236 horrida
629 2198 697 2240 suasit.

170 2250 260 2300 Namque
272 2266 317 2290 snos
329 2252 484 2302 consanguineos
495 2250 560 2289 aliena
569 2262 667 2300 rogorum

163 2295 253 2350 Insuper
264 2307 362 2342 exstructa
373 2304 449 2354 ingenti
460 2303 547 2340 elamore
559 2301 656 2351 locabant,

171 2351 322 2403 Subdebantque
333 2354 403 2402 faeeis3
416 2355 479 2392 multo
491 2367 537 2391 eum
548 2352 714 2405 sanguine'eaepe
734 2357 736 2360 ’

106 2402 158 2445 1285
170 2402 265 2444 Rixantes
276 2406 353 2459 potius,
366 2418 426 2455 quam
438 2417 521 2455 corpora
533 2404 671 2446 desererentur.
704 2427 706 2430 ⁴
749 2408 753 2413 ”

383 2513 535 2526 man-m
