1690 2654
357 35 464 79 nmua
483 38 507 79 v.
642 23 644 28 '
743 39 791 87 127

125 150 235 202 Linquitur,
247 151 270 189 ut
282 148 353 188 merito
365 152 477 187 maternum
489 159 560 187 nomen
573 148 645 200 adepta

125 204 190 242 Terra
202 204 232 250 sit,
247 216 259 240 e
271 205 326 241 terro
338 200 431 250 queniam
444 204 488 239 sunt
496 205 571 245 cuncta
583 206 656 240 creata.

124 254 230 304 Multaque
242 266 294 291 nunc
306 252 367 306 etiam
379 252 473 291 exsistunt
486 252 581 292 animalia
595 254 660 302 terris,
698 271 700 274 ’
750 251 791 294 795

90 340 91 344 ,
124 306 223 349 Imbribus
236 311 256 344 et
268 304 333 343 calido
346 302 392 347 dolis
405 307 495 341 concreta
505 316 586 353 vapore.

125 359 170 408 Quo
181 356 246 395 minus
260 359 289 394 est
301 355 381 403 mirum,
395 354 413 393 si
425 357 469 392 tum
481 358 526 394 sunt
538 355 596 403 plura
608 358 676 398 coorta

125 409 151 451 Et
162 408 246 455 maiora,
260 419 313 445 nova
327 406 398 446 tellure
411 409 472 456 atque
484 407 564 445 aethere
579 407 654 446 adulta.

148 460 256 509 Principio,
269 471 332 509 genus
345 458 431 497 alituum
442 457 550 507 variaeque
562 458 653 499 volucres

124 510 169 550 Ova
180 511 324 561 relinquebant,
337 511 428 563 esclusae
438 512 527 558 tempore
539 521 611 548 verno:
749 510 790 552 800

123 563 233 602 Follieulos
245 566 269 602 ut
280 562 423 600 nunctereteis
436 564 510 600 aestate
523 561 603 601 cicadae
663 587 664 590 =

123 615 223 664 Linquunt
235 618 303 663 sponte
314 626 358 661 sua,
370 613 446 652 victum
458 613 560 663 vitamque
572 615 666 663 petentes.

150 668 204 705 Tum
216 667 254 705 tibi
266 669 319 704 terra
332 665 386 703 dedit
397 665 485 715 primum
496 666 591 716 mortalia
602 666 665 704 secla:

123 718 200 758 Multus
212 718 264 756 enim
277 718 332 756 calor
344 719 402 766 atque
415 717 489 754 humor
501 719 608 766 superabat
619 716 640 755 in
653 716 713 758 arvis.

123 772 175 819 Hoc,
189 770 224 808 ubi
237 782 326 820 quaeque
340 770 380 806 loci
391 768 448 818 regio
463 773 573 817 opportuna
585 768 676 817 (labatur,
748 767 789 810 805

123 822 241 861 Crescebant
252 821 314 859 uterei
326 824 391 859 terrae
402 819 501 859 radicibus
514 820 590 869 aptei:-'

124 874 179 923 Quos
191 873 227 911 ubi
239 876 329 922 tempore
340 874 418 910 maturo
433 872 554 921 patefecerat
566 874 622 911 aetas
644 898 646 900 -

122 926 228 972 infantum,
241 924 321 975 fugiens
332 925 444 970 humorem,
457 936 554 973 aurasque
565 924 667 974 pedestre,

123 978 257 1015 Conveniebat
269 977 299 1014 ibi
310 976 387 1013 Natura
398 974 498 1014 foramina
509 979 581 1024 terrae,

122 1029 149 1067 Et
163 1041 231 1066 sucum
243 1026 298 1065 venis
311 1026 394 1076 cogebat
406 1026 488 1064 fundere
500 1027 580 1076 apertis,
748 1027 788 1068 810

123 1078 251 1118 Consimilem
262 1077 330 1116 lactis:
344 1077 394 1115 sicut
405 1079 457 1115 nunc
470 1076 545 1117 femina
557 1083 653 1129 quaeque,
669 1125 672 1129 ι

122 1130 189 1179 Quom
201 1129 283 1178 peperit,
297 1128 350 1166 dulci
361 1129 448 1177 repletur
459 1129 518 1176 lacte,
531 1131 584 1179 qued
595 1130 659 1169 omnis

121 1181 209 1230 [inpetus
221 1181 245 1228 in
255 1192 353 1219 mammas
364 1180 485 1219 convortitur
499 1181 535 1220 ille
547 1181 642 1221 alimenti.

122 1232 189 1277 Terra
200 1232 267 1272 cibum
280 1232 362 1281 puereis,
371 1235 449 1270 'vestem
462 1244 530 1282 vapor,
542 1233 606 1281 herba
619 1231 686 1273 cubile

122 1283 240 1336 Praebebat,
253 1285 316 1323 multa
329 1287 349 1322 et
360 1283 418 1321 molli
429 1283 524 1335 lanugine
536 1285 643 1326 abundans.
747 1283 787 1325 815
822 1330 824 1333 f

148 1336 174 1375 nt
185 1335 264 1375 novitas
276 1335 345 1374 mundi
357 1348 392 1373 nec
403 1335 482 1387 frigora
495 1336 545 1374 dura
557 1336 627 1384 ciebat,

58 1413 60 1416 -
121 1386 164 1427 Nec
175 1388 247 1426 nimios
260 1391 332 1435 aestus,
346 1400 383 1426 nec
394 1387 472 1438 magnis
485 1387 561 1427 viribus
573 1400 638 1435 auras.

123 1437 197 1479 Omnia
209 1438 262 1478 enim
273 1439 348 1488 pariter
359 1443 447 1478 crescunt
460 1441 479 1478 et
491 1441 567 1479 robora
574 1442 661 1479 sumunt.

151 1491 219 1541 Quare
231 1491 292 1530 etiam
302 1489 361 1540 atque
373 1489 435 1528 etiam
448 1494 560 1530 maternum
572 1503 642 1530 nomen
655 1491 728 1542 adepta

122 1541 188 1582 Terra
200 1546 253 1592 tenet
263 1542 340 1591 merito,
353 1542 447 1592 quoniam
459 1556 521 1593 genus
531 1543 663 1593 ipsacreavit
704 1582 706 1586 ,
745 1543 785 1584 820

122 1594 245 1643 Humanum,
259 1598 318 1644 atque
330 1594 419 1633 animans
430 1608 493 1644 prope
507 1599 560 1634 certo
572 1598 660 1646 tempore
671 1594 724 1636 fudit

121 1645 192 1695 Omne,
205 1646 259 1697 quod
270 1645 292 1685 iu
303 1646 382 1696 magnis
392 1646 503 1686 bacchatur
515 1646 609 1686 montibu'
625 1648 709 1698 passim,

121 1698 302 1748 Aeriasque‘simul
313 1697 411 1738 volucrcis
422 1698 540 1738 variantibu’
553 1699 629 1739 formis⁴

124 1747 170 1796 Sed,
184 1751 231 1800 quia
242 1751 303 1788 finem
315 1750 506 1800 aliquam-pariendi
519 1752 577 1789 debet
588 1752 669 1801 habere,

124 1800 210 1849 Destitit,
224 1804 247 1841 ut
258 1802 337 1849 mulier,
349 1801 412 1852 spatio
425 1802 501 1841 defessa
508 1796 597 1843 detesto.
745 1802 785 1844 825

97 1883 99 1886 v
120 1850 188 1893 Mutat
199 1853 252 1893 enim
263 1851 332 1893 mundi
344 1857 435 1893 naturam
447 1853 506 1893 totius
519 1856 580 1902 aetas,

122 1904 154 1943 Ex
167 1905 251 1956 alioque
260 1905 311 1945 alius
323 1908 384 1945 status
396 1906 484 1956 excipere
497 1905 564 1944 omnia
575 1906 639 1955 dehet,

122 1956 164 1996 Nec
176 1961 243 1997 manet
254 1959 296 1997 ulla
308 1958 340 1997 sui
354 1957 425 1997 similis
436 1968 480 1996 res:
493 1958 560 1997 omnia
572 1958 667 2011 migrant,

121 2007 195 2049 Omnia
208 2013 316 2050 commutat
327 2008 408 2058 Natura,
421 2012 442 2050 et
453 2014 530 2050 vortere
541 2010 600 2062 cogit.
688 2049 690 2052 .

121 2059 212 2112 Namque
225 2061 279 2101 aliud
291 2061 384 2113 putrescit
396 2064 484 2111 equove
496 2063 566 2111 debile,
579 2063 671 2114 languet,
745 2062 785 2104 83⁰

120 2111 185 2153 Porro
197 2114 252 2153 aliud
264 2113 376 2163 concrescit,
389 2118 409 2153 et
422 2127 433 2152 e
446 2116 574 2166 contemtibus
587 2115 633 2156 cuit.

122 2162 157 2202 Sic
168 2165 231 2216 igitur
242 2166 312 2205 muudi
323 2169 416 2205 naturam
428 2165 489 2206 totius
503 2170 557 2206 aetas

120 2213 193 2266 Mutet,
207 2221 227 2257 et
240 2231 264 2258 ex
275 2218 317 2257 alio
329 2221 403 2257 terram
415 2220 477 2259 status
489 2219 563 2270 excipit
576 2219 637 2260 alter:

90 2278 93 2281 ·
121 2265 180 2317 Quod
193 2270 264 2319 potuit,
277 2272 370 2321 nequeat3
383 2269 450 2320 possit,
462 2272 514 2320 quod
527 2281 565 2311 non
577 2272 623 2311 tulit
633 2273 688 2314 ante.

146 2318 308 2370 Multaquetum
318 2323 377 2371 tellus
388 2322 450 2361 etiam
461 2328 552 2372 portenta
563 2337 631 2364 creare
743 2323 782 2364 835

72 2374 79 2379 “
121 2367 197 2409 Gonata
209 2377 243 2420 cst,
256 2374 309 2414 mira
320 2373 373 2414 facie
384 2375 517 2426 membrisque
529 2380 605 2417 coorta=
630 2417 632 2420 ,

120 2420 261 2479 tnuogynem
270 2425 393 2476 interutras,
404 2440 441 2467 nec
450 2429 561 2482 utramque,
571 2428 662 2481 utruque
672 2429 780 2474 remotum3
808 2439 812 2453 ‚
