1690 2654
25 39 29 42 ·
74 76 123 125 29⁰
291 70 572 118 ANNOTATIUNES
610 84 612 90 ⁴

75 199 101 226 ex
110 197 152 234 uno
162 182 211 223 Brit.
221 184 329 230 1.;.ceteri
339 197 411 224 omnes
422 188 485 240 qnod,
500 199 554 238 quae
570 185 690 237 corruptela
699 192 790 239 quomo-

75 239 102 277 do
114 244 159 276 orta
167 236 206 283 sit,
220 236 273 274 Brix.
287 236 349 275 lectio
362 240 412 290 quid
421 238 503 276 videtur
515 239 666 286 demonstrare.

125 300 168 340 107.
195 302 227 337 Ita
237 301 299 341 Wak.
310 314 334 339 ex
345 301 441 339 omnibus
453 301 512 339 libris
523 314 606 339 versum
617 302 732 354 integritati
743 302 791 341 red·

73 353 132 401 didit,
144 363 207 402 quem
216 354 312 405 vulgares
325 354 382 392 editt.
394 366 433 391 neo
446 367 489 392 non
497 356 545 393 Hau.
556 355 672 392 eLarnbini
682 367 791 392 commen*

71 404 134 443 tosio
147 402 255 443 exhibent:
270 409 334 459 Saepe
345 410 414 459 ntique
426 428 452 434 -
466 429 491 435 —-
504 426 530 433 -
543 409 618 457 aegrit.
646 406 686 445 Sed
699 419 726 444 ne
739 406 791 459 quid

72 456 212 506 diffiteamur,
227 461 298 511 utique
307 458 384 510 legitur
393 460 436 495 iam
445 458 467 496 in
479 462 533 498 Iunt.
545 463 565 495 et
573 457 619 499 Ald.
629 460 649 498 2.

124 524 168 561 109.
190 523 231 572 fit,
245 523 286 572 uti]
303 522 384 561 Retinui
394 535 452 575 *oum-
463 523 536 561 Eichst.
548 521 657 574 uulgarem
666 521 789 572 lectionem,

71 574 137 624 quain
146 572 205 612 Wak.
216 587 228 611 e
240 575 296 612 Bodl.
308 574 367 611 Vind.
379 575 438 612 Poor.
451 575 497 612 erit.
506 576 524 614 3.
537 580 557 610 et
568 574 664 612 omnibus
673 575 789 614 vetteditt.

73 632 138 673 (nam
154 632 233 668 temere
249 626 335 664 Gerard„
351 627 433 673 tacet,)
447 625 468 663 in
486 628 520 664 ubi
529 627 625 665 mutavit.
652 627 692 664 Sed
702 627 790 665 varietas

71 677 118 726 fere
127 677 185 715 nulla
195 685 231 723 est,
243 685 263 715 et
272 680 305 727 fit,
316 681 349 715 nti
354 677 449 714 ‘formula
456 677 552 714 Lucretio
563 677 703 717 usitatissima.
717 678 789 728 (Geni.

73 730 91 768 ν’.
102 743 121 767 c.
130 731 154 777 ΙΙ,
168 730 199 769 85.
210 730 255 769 835,
269 730 302 774 IV,
314 729 359 767 355.
371 725 416 767 374.
431 729 455 774 Vt
468 727 506 766 428
519 729 574 777 πα)

124 782 168 819 113.
194 784 251 819 molli
266 795 325 833 quom
337 779 417 828 somno]
437 779 467 816 sic
481 778 553 826 Wak.;
569 780 619 817 Hau.
636 792 685 817 cum
699 779 789 831 vulgatis

71 831 129 870 editt.
146 832 228 920 ιἰινὲἷεο
237 831 319 870 'ordine
330 832 388 870 molli
396 846 464 870 somno
473 846 543 883 quom,
558 837 631 869 contra
643 844 714 870 ornnes
725 832 789 873 Codcl.

71 890 93 922 et
102 889 153 921 vett.
161 892 178 920 se
195 883 225 923 'tt
314 883 315 886 ’

75 989 77 993 ,
123 948 168 987 117.
194 963 219 986 oc
235 946 295 986 Wak.
310 945 391 997 recepit
406 958 417 993 e
433 945 483 985 Brit.
501 948 534 995 1.;
558 946 636 999 reliqui
650 946 700 986 libri
715 958 747 997 et,
764 953 789 987 ut

70 999 134 1051 uulgo
146 998 219 1036 editur.
351 1036 353 1040 ,
507 1005 509 1007 ’
751 1012 756 1015 ⁴

74 1048 75 1052 ’
123 1052 167 1091 119.
193 1050 308 1101 Vulgarem
328 1048 442 1088 lectionem
459 1055 507 1099 post
521 1048 597 1090 llichst.
613 1049 700 1090 restitui.
726 1049 787 1090 Wak.

71 1101 138 1149 enim,
152 1115 219 1153 quum
235 1101 300 1153 Lugd.
314 1103 332 1142 1.
344 1104 363 1141 2.
377 1101 438 1138 Vind.
453 1108 474 1138 et
488 1100 540 1138 Brix.
552 1103 599 1139 Ver.
609 1103 660 1141 Ven.
678 1102 789 1149 exhibeant

70 1150 176 1195 tormonte
192 1171 209 1194 c.
227 1156 321 1202 interire,
335 1153 356 1191 in
369 1158 490 1190 contextum
500 1153 580 1203 recepit
590 1154 644 1192 coni.
654 1150 761 1202 harmonici
771 1170 787 1194 o·
801 1193 804 1195 ,

70 1208 171 1255 retinere,
185 1205 208 1243 in
216 1212 267 1243 nota
275 1204 368 1242 subiecta
377 1217 427 1242 vero
439 1203 500 1241 aliam
512 1217 595 1254 quoque
606 1205 683 1243 suadet
688 1206 789 1244 mutatio-¹

62 1263 120 1298 'nem
130 1256 237 1296 harmonid
247 1273 264 1296 c.
275 1260 361 1305 sentire,
375 1256 475 1293 nimirum
487 1256 536 1305 quia
547 1255 600 1292 illud
611 1259 694 1296 interire
704 1263 789 1307 praeter

68 1309 134 1347 libros
147 1308 190 1346 iam
203 1314 379 1346 commemoratos
397 1307 460 1344 etiam
475 1306 497 1343 in
515 1308 576 1344 Poor.
593 1306 645 1346 Brit.
662 1311 681 1347 l.
696 1310 716 1348 2.
731 1310 751 1349 3.
767 1314 797 1347 et·

70 1361 131 1399 Cant.
139 1366 231 1412 apparet.
327 1382 329 1385 ·
685 1378 687 1380 ·

75 1416 78 1460 J
121 1414 165 1452 122.
189 1411 280 1461 rursum]
294 1409 324 1448 sio
339 1408 401 1450 Vind.
413 1410 474 1446 Poor.
489 1408 539 1448 Brit.
551 1410 569 1448 1.
579 1411 599 1448 2.
610 1411 632 1458 3.¹
644 1416 665 1447 et
674 1410 728 1448 Brix.
739 1412 787 1450 Ver.

70 1464 122 1504 Ven.
132 1464 178 1502 Ald.
186 1465 205 1503 1.
215 1466 276 1512 Bon„
290 1474 342 1513 quos
352 1461 446 1513 sequitur
456 1460 528 1506 Wak.;
543 1461 605 1512 vulgo
616 1477 693 1501 rursus.

121 1529 166 1569 133.
192 1531 217 1566 'In
229 1528 271 1565 hoc
279 1539 341 1564 versu
351 1524 497 1564 constituendo
509 1524 599 1562 Bentleii
610 1526 741 1564 coniecturas
752 1539 787 1565 ve-

30 1620 33 1623 ,
67 1579 204 1625 risimillimas
215 1580 321 1629 amplexus
331 1590 385 1625 sum,
392 1589 475 1615 servans
484 1582 594 1626 praeterea
603 1588 614 1613 e
624 1577 718 1629 plurimis
727 1578 787 1616 libris

67 1632 161 1671 formam
169 1634 279 1680 Heliconi,
291 1631 330 1677 (de
345 1641 386 1680 qua
396 1628 475 1666 vid-ad
486 1629 503 1676 Ι,
513 1628 558 1668 977.
573 1627 682 1679 disputata,
700 1635 720 1667 et
731 1630 788 1668 Rud-

17 1676 23 1688 Χ
69 1683 119 1722 dim.
132 1686 181 1721 Inst.
194 1684 231 1722 Gr.
241 1685 266 1722 ΙΙ.
277 1695 298 1732 p.
307 1683 346 1721 270
356 1693 371 1718 s.
385 1686 430 1718 not.
442 1680 473 1725 3.)
501 1679 535 1717 Sic
547 1680 603 1716 enim
613 1679 662 1717 libri
672 1693 685 1718 a
695 1679 786 1719 lectione

68 1740 154 1782 recepta
166 1733 276 1771 differunt:
296 1731 386 1781 Nomen]
398 1730 448 1775 Brit.
459 1733 479 1770 2.
497 1733 590 1770 Nomine.
603 1750 629 1760 -
644 1732 669 1769 ab
680 1734 788 1783 'organicis

69 1785 125 1835 olto]
140 1785 207 1837 Lugd.
221 1787 239 1824 1.
249 1786 268 1824 2.
282 1783 336 1821 Brix.
347 1784 396 1821 Ver.
409 1783 434 1821 ab
447 1786 543 1835 organico
555 1784 620 1829 salto,
633 1781 694 1819 Vind.
706 1783 755 1822 Erit.
765 1786 785 1823 2.

67 1838 87 1878 3.
101 1838 162 1875 Cant.
172 1835 217 1874 illd.
229 1838 248 1875 1.
259 1838 277 1876 2.
292 1838 341 1873 Bon.
352 1838 406 1874 lunt.
419 1835 444 1872 ab
457 1849 499 1885 org.
508 1834 576 1883 saltu,
591 1845 644 1884 quae
655 1833 746 1884 vulgaris
757 1834 786 1874 le-

67 1889 109 1927 ctio
119 1889 189 1936 faota3
204 1889 255 1927 Ven.
267 1889 292 1926 ob
302 1902 345 1939 org.
357 1887 441 1938 saltem
454 1885 512 1923 Bodl.
524 1885 572 1923 Brit.
583 1886 601 1923 1.
615 1885 640 1922 ob
651 1900 693 1937 org.
702 1888 786 1935 saltum,

66 1940 133 1990 Lugd.
143 1942 162 1979 2,
176 1942 203 1982 od
214 1943 322 1992 organicos
331 1938 400 1985 saltu,
414 1942 436 1972 et
445 1936 541 1973 similiter
550 1937 608 1973 Voss.
617 1935 639 1972 in
648 1937 741 1989 margine
751 1950 786 1976 ex.

33 2007 36 2011 ¹
68 1991 132 2041 empli
141 1990 185 2039 sui,
198 1990 268 2028 nescio
280 2003 307 2027 an
318 2002 329 2027 e
339 1987 387 2029 eod.
398 1989 446 2033 Με..
460 1990 488 2026 od
504 1985 611 2038 organicos
628 1988 676 2027 olto.
689 2010 715 2017 -
727 1992 787 2029 Heli.

68 2043 124 2092 coni}
140 2042 169 2080 sie
184 2054 256 2079 omnes
271 2040 331 2090 libri,
345 2046 430 2090 praeter
444 2038 502 2077 Bodl.
517 2040 577 2077 Cant.
588 2044 609 2075 et
619 2040 667 2077 Ver.
678 2040 723 2079 Ald.
736 2044 754 2081 1.
765 2043 792 2083 2.
813 2084 814 2091 ¹

68 2096 117 2131 Bon.
127 2096 193 2142 lunt,
207 2096 311 2132 Heliconis
321 2092 451 2142 praebentes.
475 2089 588 2140 (Vulgaris
598 2092 696 2131 Helieone
705 2093 727 2131 in
738 2093 785 2131 nul-

67 2143 89 2181 lo
99 2143 152 2182 libro
164 2144 253 2182 inveniri
262 2144 367 2190 videtur.)
380 2143 453 2181 Faber.
465 2140 601 2179 audacis'sime
612 2143 666 2181 coni.
676 2146 704 2184 N.
716 2147 741 2183 oh
752 2160 785 2184 or-

66 2198 143 2249 ganico
156 2207 218 2237 contu
233 2199 313 2234 ductum
327 2197 427 2238 oitlzaroi',·
443 2195 493 2231 Har.
514 2191 579 2230 edidit
592 2195 632 2243 Ν.)
645 2196 670 2234 ab
687 2199 784 2248 organico

67 2248 123 2286 rolin
139 2248 237 2291 delutum,
251 2250 356 2295 Heliconi,
370 2251 394 2283 ut
406 2245 575 2295 'coniunganturt
588 2244 696 2283 hamonia'i
706 2260 784 2285 nomen

66 2297 132 2336 redde
146 2297 249 2340 Helieoni;
263 2298 401 2345 Wak.(cu1n
416 2296 505 2345 Eichst.)
520 2292 556 2336 NJ
565 2299 592 2334 od
608 2313 715 2349 organicos
729 2301 784 2344 uoltu

67 2351 157 2389 delatum
168 2351 285 2397 Heliconis,
298 2356 322 2386 ut
338 2350 381 2386 iem
395 2348 505 2386 Turnebus
521 2346 614 2388 Adverss.
624 2352 692 2399 XXX,
704 2351 734 2391 10,
746 2350 783 2388 10-

66 2413 116 2440 eum
132 2400 280 2446 constituerat,
295 2401 381 2439 seduno
391 2400 455 2438 modo
466 2399 542 2437 Codice
549 2399 638 2450 favente.
664 2403 732 2452 Larga
743 2415 781 2440 au·

65 2459 109 2491 tem
118 2450 245 2490 liberalitate
256 2452 316 2493 Wak.
327 2453 412 2504 insuper
424 2451 552 2490 coniecturas
559 2453 621 2495 ''addit
632 2459 675 2492 tres
689 2459 782 2492 tantum:
