1690 2654
226 94 268 157 in
283 88 421 132 iteruri
438 90 601 141 saturnu.
729 88 777 133 ess

109 202 167 246 1004.
193 205 223 241 De
233 202 274 240 hoc
285 212 369 251 quoque
379 211 440 238 versu
450 199 567 238 accuratius
579 198 681 250 disputavi
690 197 712 238 in
723 198 775 238 Diss.

57 268 106 294 mea
120 256 146 294 de
160 258 220 294 Lucr.
235 259 279 292 not.
294 250 339 299 41,
354 263 378 289 ex
391 264 431 302 qua
443 251 496 290 mihi
507 252 570 290 liceat
580 252 707 302 describere,
721 263 776 303 quae

56 307 147 346 maxime
157 307 183 345 ad
192 317 238 344 rem
248 304 354 355 pertinere
365 303 468 344 videntur.
495 305 599 353 „Scilicet
608 317 672 357 quum
681 317 739 342 nunc
748 304 774 341 ab

57 360 153 397 omnibus
171 360 215 395 fere
233 362 339 404 sumatur,
353 356 484 393 substantiva
498 358 517 394 2.
529 357 604 395 declin.
619 357 641 393 in
654 361 687 395 ius
700 363 721 393 et
733 360 775 395 ium

58 410 172 449 desinentia
188 421 253 457 usque
270 407 296 444 ad
309 406 390 445 seriora
406 407 505 468 Augustei
521 408 566 445 aevi
580 414 677 458 tempora
693 414 775 445 contra-

47 468 113 502 ctam
123 461 186 498 modo
196 459 281 510 genitivi
294 458 386 496 formam
398 459 517 508 admisisse,
534 459 603 507 (conf.
615 459 681 497 Bentl.
691 460 718 497 ad
728 461 775 499 Ter.

57 514 120 551 Andr.
132 513 160 560 II,
175 513 193 556 1,
205 513 237 550 20.
256 511 320 550 Wolf.
332 512 359 548 ad
371 514 420 549 Hor.
433 513 475 549 Sat.
488 512 505 558 I,
517 514 536 559 1,
549 513 567 551 3.
580 525 601 561 p.
615 514 646 551 11.
666 511 774 550 Heindorf.

57 565 83 601 ad
95 565 143 601 Hor.
155 565 220 599 Serm.
232 564 249 610 I,
262 565 279 603 1.
293 564 337 602 105.
358 570 378 600 et
390 563 416 599 ad
427 564 471 602 Cic.
483 564 507 599 N.
519 565 542 600 IJ.
554 577 574 613 p.
588 563 631 602 141.
650 563 733 599 Bothius
749 563 775 599 ad

55 615 122 654 Plaut.
140 613 195 653 Asin.
211 614 251 662 III,
266 616 284 661 1,
297 616 316 654 2.
337 620 358 662 et
376 616 440 653 lllerc.
454 614 507 665 prol.
524 617 555 654 10.
572 614 670 663 idemque
687 614 713 651 ad
726 616 774 652 Ter.

55 665 119 704 Andr.
129 666 153 714 II,
164 667 182 714 1,
189 667 221 705 27.
232 671 252 703 et
260 669 295 713 III,
303 668 320 712 2,
330 668 362 707 38.
378 669 451 705 Osann.
462 665 520 703 snat.
534 666 582 706 Crit.
592 679 611 716 p.
620 668 664 706 172.
678 666 773 703 Schneid.

56 720 93 760 Gr.
102 719 147 753 Lat.
157 720 181 754 Il.
192 731 212 766 p.
222 718 254 757 59.
269 718 382 757 Weichert.
393 718 418 755 de
427 731 490 758 verss.
501 719 558 768 Virg.
569 724 590 754 et
600 721 623 756 V.
634 718 705 754 Flacci
714 731 733 767 p.
742 720 774 757 60.

55 768 157 808 Niebuhr.
169 768 196 805 ad
206 768 247 807 Cic.
260 772 324 807 Oratt.
335 772 417 820 Fragm.
428 784 447 819 p.
456 771 487 809 57.
497 773 569 809 etilo.
582 769 648 807 Maius
659 769 685 806 ad
697 770 737 808 Cic.
749 769 775 806 de

55 822 106 870 Rep.
113 817 158 870 pl.
165 826 186 858 et
191 819 236 860 354.
247 820 306 860 lalin.
313 821 339 859 ad
346 821 403 861 Ovid.
410 823 458 861 blot.
465 823 559 868 uuirt.
569 826 589 859 et
595 821 665 871 plures
672 821 714 869 alii,
722 833 774 872 quos

55 873 78 910 in
87 872 138 911 Diss.
148 884 197 910 mea
205 872 301 923 laudavi)
317 873 387 910 Orellii
399 874 475 911 Censor
486 872 590 918 lenensis,
606 872 687 923 saepius
699 872 774 919 dictus,

56 924 112 961 hunc
121 936 222 974 versum,
230 937 293 975 quem
301 925 343 962 iarn
353 925 438 962 Eotliius
450 932 470 962 et
480 930 573 963 Osannus
585 924 608 961 II.
621 938 652 962 cc.
665 925 738 962 eadem
749 924 775 961 de

57 976 119 1014 causa
130 975 255 1019 coniecturis
267 975 418 1023 sollicitarunt,
431 977 460 1015 ita
472 982 496 1014 ut
507 976 543 1014 ille
553 975 656 1028 irarigiis,
668 975 703 1014 liic
716 979 776 1015 nazo-

55 1029 111 1081 giilm
126 1026 239 1079 legendum
254 1027 360 1077 suaderet,
374 1040 460 1079 prorsus
472 1028 566 1066 exsulare
577 1027 641 1066 iussit.
670 1028 706 1065 Cui
718 1026 776 1078 equi-

56 1080 105 1117 dem
122 1079 217 1117 assentiri
229 1093 271 1117 non
287 1093 382 1130 possum,
397 1092 462 1131 quum
477 1080 529 1117 mihi
544 1079 638 1117 nondum
652 1091 775 1129 persuasum

1 1153 6 1157 -
56 1132 93 1177 sit,
113 1131 208 1181 regulam
223 1130 282 1168 illam
300 1145 313 1168 a
327 1132 464 1180 scriptoribus
481 1132 589 1179 Propertio
605 1131 708 1178 prioribus
726 1144 775 1168 vere

55 1181 121 1220 ubivis
131 1181 161 1219 ita
172 1183 303 1221 observatam
315 1194 370 1232 esse,
383 1188 406 1219 ut
421 1195 495 1220 onmes
505 1181 546 1220 loci
559 1181 577 1219 ei
590 1181 721 1219 adversantes
733 1187 775 1220 sta-

55 1233 94 1271 tim
107 1233 227 1286 corrigendi
240 1234 274 1272 vel
288 1234 353 1285 spurii
367 1233 465 1272 censendi
479 1225 529 1275 'sint
555 1235 615 1271 Errat
627 1233 682 1270 enim
695 1233 726 1271 vir
737 1233 774 1271 do-

56 1292 108 1333 ctus,
120 1298 185 1335 quum
195 1286 299 1336 opinatur,
311 1285 356 1324 aliis
366 1286 489 1336 quibusdam
498 1285 550 1322 locis
559 1291 616 1322 recte
627 1298 639 1321 a
648 1284 696 1322 viris
707 1285 773 1322 doctis

57 1337 170 1374 emendatis
180 1344 215 1375 aut
223 1338 318 1385 reiectiS,
332 1338 389 1375 hunc
399 1338 467 1375 solum
477 1336 570 1374 Lucretii
579 1337 650 1373 locum
660 1349 774 1385 superesse,

55 1388 78 1426 in
90 1394 130 1438 quo
144 1389 218 1440 regula
231 1390 267 1428 illa
278 1400 326 1427 vere
336 1388 461 1439 negligatur.
488 1390 515 1425 Ut
525 1388 581 1426 enirn
591 1400 634 1425 non
645 1396 774 1425 commemo-

55 1452 102 1478 rem
113 1439 177 1477 alium
187 1441 279 1479 Lucretii
287 1441 359 1478 locum
368 1442 404 1487 VI,
414 1439 459 1480 744.
474 1440 518 1486 (ubi
529 1439 570 1478 vid.
582 1442 680 1489 annott),
694 1446 774 1476 restant

57 1492 119 1528 etiam
131 1493 191 1528 Ennii
201 1506 272 1530 versus
282 1493 308 1536 ab
320 1492 407 1541 Apuleio
419 1495 434 1532 J.
444 1506 464 1542 p.
474 1490 507 1530 43.
522 1491 563 1541 Bip.
579 1497 682 1540 servatus,
695 1505 716 1541 p.
728 1493 773 1530 157.
823 1524 825 1526 .

56 1542 133 1580 Hessel.
147 1546 296 1593 (Brundusii),
309 1545 366 1594 Virg.
382 1546 432 1583 Aen.
449 1544 488 1590 HI,
504 1544 549 1582 385.
564 1543 688 1591 (Ausonii),
702 1542 773 1581 Manil.

56 1595 85 1639 tt,
98 1592 143 1633 740.
157 1597 346 1643 (Dedecotemorii)
362 1601 383 1632 et
392 1594 427 1632 alii
436 1595 537 1643 fortasse,
553 1594 587 1645 qui
596 1592 681 1645 regulae
691 1593 773 1632 illinon

56 1646 124 1682 minus
133 1647 273 1695 adversantur.
300 1646 386 1684 Accedit
396 1646 440 1697 ipse
452 1646 554 1683 seriorum
565 1644 693 1696 scriptorum
706 1659 730 1683 ex
741 1658 774 1683 ae·

56 1710 82 1734 vo
102 1701 205 1748 Augusteo
220 1712 274 1737 usus.
301 1698 340 1735 Vix
353 1699 408 1735 enim
420 1698 557 1748 intelligitur,
570 1697 675 1747 quomodo
688 1698 710 1735 hi
723 1697 775 1735 scri-

56 1754 136 1797 ptores,
151 1750 272 1799 Propertius
283 1749 390 1800 inprimis,
405 1750 439 1800 qui
451 1749 538 1788 minime
548 1756 672 1788 novatorem
685 1762 707 1787 se
718 1749 775 1788 exhi-

56 1800 113 1850 buit,
126 1799 148 1838 in
159 1801 218 1839 illam
229 1801 335 1840 licentiam
346 1802 477 1850 incidissent,
492 1800 509 1839 si
520 1814 546 1839 ne
557 1814 609 1838 unus
621 1801 706 1852 quidem
717 1807 774 1838 vete·

56 1864 105 1888 rum
119 1860 231 1890 auctorum
244 1854 281 1891 illa
295 1854 363 1890 soluta
379 1854 465 1905 genitivi
477 1854 547 1890 forma
557 1853 588 1889 uti
600 1854 638 1889 sibi
649 1852 773 1890 indulsisset.

58 1905 126 1949 Quare
137 1905 188 1941 mihi
201 1906 315 1943 consultius
324 1906 406 1942 videtur
415 1918 509 1950 sumere,
521 1905 576 1942 lianc
586 1904 676 1941 solutam
686 1906 705 1943 2.
716 1917 774 1942 casus

56 1954 158 2003 formam,
171 1956 259 1995 fortasse
269 1957 295 1995 ob
306 1956 372 2005 ipsam
382 1956 440 1994 illam
450 1969 546 2004 causam,
561 1968 623 2006 quam
634 1955 729 2007 Nigidius
739 1956 773 1994 Fi-

56 2006 116 2058 gulus
127 2008 182 2058 apud
192 2009 283 2047 Gellium
292 2011 347 2055 ΧΙΠ,
357 2009 389 2049 25.
404 2008 559 2059 quodammodo
569 2008 648 2058 innuit,
661 2007 741 2046 scilicet
751 2014 774 2045 ut
833 2029 834 2032 =

56 2058 158 2114 secundus
174 2066 195 2097 et
210 2061 293 2111 quintus
310 2073 369 2097 casus
385 2061 460 2097 melius
477 2060 631 2107 discernantur,
657 2060 717 2097 Ennii
731 2060 774 2097 ianr

56 2112 186 2159 temporibus
200 2111 222 2148 in
237 2113 292 2150 vitae
310 2111 426 2149 communis
443 2125 503 2149 usum
522 2111 664 2148 introductam
677 2124 731 2159 esse,
745 2112 774 2148 ita

56 2167 80 2198 ut
94 2161 204 2211 scriptores
220 2164 316 2214 quidem,
337 2163 430 2201 cultioris
447 2164 546 2201 orationis
562 2162 660 2208 studiosi,
679 2170 773 2202 veterent

56 2212 148 2251 formam
158 2214 283 2267 plerumque
293 2215 414 2262 retinerent,
427 2214 534 2253 interdum
543 2220 615 2252 tamen
626 2214 690 2253 etiam
700 2216 727 2253 ad
736 2228 772 2265 po·

55 2264 100 2314 puli
116 2267 288 2305 consuetudinem
306 2267 454 2310 deflectereiit;
468 2267 534 2304 serius
548 2272 630 2314 autem,
645 2280 710 2318 quum
724 2278 772 2304 usus

55 2316 92 2353 ille
108 2318 175 2368 magis
192 2321 300 2370 magisque
312 2318 429 2356 communis
441 2320 509 2355 factus
522 2324 585 2362 esset,
599 2319 711 2368 scriptores
722 2331 773 2368 quo-

57 2380 109 2418 que,
123 2368 208 2420 singulis
217 2370 257 2409 illis
267 2371 408 2421 antiquiorum
419 2377 528 2408 auctorum
540 2371 639 2421 exemplis
649 2371 725 2417 fretos,
739 2381 771 2406 re

57 2419 172 2458 centiorem
181 2422 266 2471 genitivi
279 2424 371 2460 formam
382 2422 461 2472 saepius
473 2422 597 2460 adhibuisse.
610 2445 637 2450 -
651 2425 724 2460 Cetera
736 2433 771 2457 au·

56 2476 100 2508 teni
108 2479 243 2524 argumenta,
260 2474 333 2526 quibus
344 2476 422 2513 Censor
432 2474 524 2513 lenensis
539 2486 587 2512 usus
600 2480 641 2524 est,
655 2479 678 2511 ut
690 2484 772 2510 versum

87 2542 206 2570 suesanus.
581 2532 598 2570 P
607 2546 619 2581 p
