1690 2654
69 126 117 171 iso
260 91 263 95 ⁴
293 122 562 167 supersumus

81 274 83 276 ,
119 236 165 276 288.
191 235 266 274 validis
279 250 322 274 cum
330 235 421 284 viribus]
434 235 561 285 Praepositio
571 226 616 276 cum
629 236 736 288 eleganter
744 236 782 274 ab·

67 286 144 334 undat,
157 293 181 324 ut
189 287 281 335 saepius,
295 300 336 337 qua
346 286 371 323 de
383 300 406 324 re
424 287 479 324 conf.
490 288 553 327 Perit.
565 288 592 326 ad
601 288 736 327 Sanctii-Min.
748 289 781 337 IV,

68 341 88 381 6.
99 345 142 379 not.
153 339 174 378 8.
185 338 281 378 Ruddim.
291 341 340 378 [nst.
352 339 387 378 Gr.
397 339 426 378 Il.
436 352 456 389 p,
466 341 511 379 266.
528 342 556 378 st,
567 346 587 377 et
598 340 633 391 qui
649 340 679 378 ibi
688 340 781 377 laudan,

67 399 108 430 tur;
136 391 195 431 ¹Adde
210 390 287 432 Gifanii
305 390 390 431 Collect.
400 392 422 428 in
434 393 496 429 Lucr.
509 405 525 429 s.
537 405 556 430 v.
568 405 622 431 cum.
636 392 781 442 snakenburg.
833 389 845 411 ³

66 443 89 481 in
98 442 170 480 Indice
180 442 207 480 ad
219 442 315 480 Curtium
326 455 343 481 s.
356 457 374 481 v.
386 456 440 481 cum.
456 442 557 480 Columna
567 443 593 481 ad
605 445 693 481 Ennium
704 457 724 493 p.
736 443 781 483 135.

66 494 145 534 Hessel.
156 494 221 533 Beier.
233 494 261 533 ad
272 495 312 534 Cic.
324 494 361 531 off.
373 495 412 540 III,
424 496 456 534 31.
468 497 502 544 (p
516 495 588 543 397.)‚
603 496 638 546 qui
648 495 720 540 laudat
728 497 782 533 We-
831 485 845 509 “

21 590 26 593 ,
66 546 131 585 sterh.
147 552 168 583 et
180 546 246 584 Bentl.
263 546 350 592 achr.
367 546 403 584 Ad.
417 548 441 596 V,
452 548 471 597 3,
482 547 531 597 554
545 553 567 584 et
580 546 664 588 Ramsh.
680 548 718 586 Gr.
732 547 779 584 Lat.

67 597 302 649 §fflfflfflffl)
787 602 844 636 ,Ψ

118 651 162 689 290.
189 648 312 702 quidquam]
333 647 363 685 sic
378 648 440 685 Codd.
455 648 504 688 Brit.
519 650 539 688 2.
556 650 576 687 3.
595 649 655 689 Vind.
672 655 781 705 etlomnes

68 698 127 739 editt.
139 705 188 740 vett.
205 706 288 749 praeter
299 701 360 748 Ver,
380 711 433 751 quae
446 698 546 737 mendose
558 700 640 739 exhibet
653 704 767 755 quicunque
772 714 780 749 ;
828 705 845 752 r<

67 751 133 790 ceteri
139 751 189 788 libri
202 753 307 805 quidquid.

117 805 162 843 292.
191 819 250 856 quom
261 801 352 853 flama]
371 804 432 839 Hunc
443 802 557 840 verborum
567 803 662 846 ordinem
671 803 731 842 Wak.
746 816 780 841 re-

65 854 134 892 stituit
144 867 155 892 e
165 867 200 892 sex
211 854 277 893 Codd.
287 853 366 892 eredit.
377 855 437 901 Ver¹>
453 853 578 904 quibuscum
590 855 710 905 conspirant
720 854 772 894 editt

65 907 118 947 Brix.
128 907 180 946 Ven.
189 909 242 945 lunt.
255 905 300 945 tld.
310 907 330 946 2.
358 905 429 957 Vulgo
434 907 514 957 flumen
526 922 576 946 cum.
738 949 740 952 ,
790 947 793 950 ,

115 960 166 998 293:
188 958 248 997 Wak.
264 959 318 997 coni.
334 960 433 1005 tundunt,
454 958 502 1008 quia
516 959 538 996 in
553 959 604 998 Cod.
618 959 675 998 Bodl.
691 964 713 995 et
727 958 776 996 edit.

63 1010 112 1049 Ver.
128 1011 195 1057 (utin
205 1011 272 1056 Brix.)
284 1010 363 1060 legitur
374 1012 465 1047 tendunt.
827 1008 843 1037 {⁰2¹

115 1061 160 1101 295.
188 1063 255 1107 Quam
265 1074 303 1098 nos
316 1059 424 1107 edidimus,
437 1058 500 1097 lectio
513 1066 544 1098 est
553 1060 653 1108 omnium,
667 1060 693 1099 de
704 1060 767 1111 quibu

64 1119 123 1152 certo
134 1119 225 1160 constat,
239 1113 343 1150 librorum
352 1112 398 1151 Mss.
411 1117 432 1149 et
445 1108 546 1158 omnium,
555 1119 639 1162 praeter
649 1113 705 1162 duas,
719 1112 772 1150 editt

63 1170 125 1208 vett,
135 1176 147 1201 a
157 1164 218 1202 Wak.
233 1164 255 1201 in
266 1161 385 1201 contextum
396 1169 492 1213 recepta,
507 1164 541 1200 cui
550 1170 620 1201 tamen
632 1165 697 1216 magis
709 1164 768 1213 place

62 1216 173 1266 scriptura,
187 1228 250 1264 quam
259 1214 305 1252 Pius
313 1216 334 1252 in
344 1214 405 1252 Codd.
415 1213 551 1260 fidelioribus,
565 1222 588 1251 ut
599 1215 657 1264 dicit,
670 1222 778 1265 repertam

62 1267 117 1318 typis
127 1267 216 1304 exscribi
225 1267 295 1304 iussit:
309 1269 421 1319 tepidoque
432 1276 534 1314 rotantesp
543 1266 565 1303 in
575 1269 629 1306 lunt.
641 1279 723 1318 quoque
734 1280 778 1305 ser·

61 1322 139 1357 vatam.
152 1336 154 1339 ·
166 1318 234 1369 Vulgo
249 1321 360 1371 rapidoque
374 1320 473 1356 retantia.
500 1318 676 1371 Hav.'rapid0que
691 1322 776 1367 rotanti,
827 1313 844 1366 ξ

63 1370 111 1420 quia
120 1372 180 1408 Luor.
190 1370 252 1420 plura
264 1369 365 1407 adiectiva
373 1368 480 1420 geminare
492 1373 513 1405 et
524 1368 650 1420 coniungere
660 1379 724 1419 amat,
736 1383 777 1421 qua
827 1362 842 1415 ἶ

3 1462 5 1464 ,
63 1422 88 1459 de
103 1434 126 1459 re
141 1422 229 1459 diximus
240 1421 267 1458 ad
276 1435 296 1460 v.
306 1422 351 1462 258.
373 1421 483 1458 Librorum
494 1433 543 1458 vero
558 1422 679 1460 auctoritati
694 1422 777 1460 obtem·
829 1426 842 1472 ἐξ

60 1473 178 1524 perandum
190 1474 292 1513 diluimus.
625 1514 630 1520 s
827 1469 844 1520 ἕ

113 1527 158 1565 296.
184 1528 245 1563 Hunc
258 1526 330 1563 locum
343 1523 423 1563 Servius
437 1524 550 1574 respexisse
567 1524 660 1575 videtur,
681 1526 708 1563 ad
718 1525 775 1578 Virg.

63 1576 117 1617 Geo.
131 1578 164 1627 IV,
178 1580 223 1617 219.
236 1578 290 1615 haec
305 1577 434 1614 adscribens:
453 1575 583 1623 „Lucretius
600 1576 661 1615 dicit:
681 1591 706 1616 ea
722 1591 776 1630 quae

61 1640 101 1678 per
109 1641 131 1666 se
140 1630 229 1678 probare
237 1643 280 1667 non
291 1640 410 1677 possumus,
425 1639 437 1662 a
448 1626 549 1664 similibus
560 1628 715 1677 comprobanda
725 1629 774 1680 (?);
826 1628 844 1668 ‘sc-'7

61 1686 190 1729 ventumque
201 1680 263 1717 docet
270 1692 312 1717 esse
325 1677 467 1728 corporalem,
481 1690 523 1727 nom
534 1679 590 1728 quod
598 1687 649 1716 eum
658 1686 731 1719 tenere
741 1681 775 1718 vel

63 1743 150 1769 cernere
166 1731 280 1782 possimus,
299 1731 336 1768 sed
350 1728 464 1780 quodeeius
475 1729 546 1766 similis
560 1743 626 1781 aquae
639 1731 724 1770 effectus
737 1739 775 1781 est,
831 1729 843 1781 ἶ,

62 1795 126 1834 quam
135 1782 268 1833 corporalem
284 1795 327 1819 esse
341 1781 474 1819 manifestum
488 1783 548 1829 est;¹‘
569 1782 659 1833 (dequo
672 1783 720 1822 loco
731 1784 775 1822 dis-

60 1835 131 1885 putavi
144 1835 166 1872 in
176 1835 225 1873 Diss.
237 1847 284 1872 mea
296 1835 396 1873 deLuor.
405 1846 424 1883 p.
435 1834 459 1872 80
473 1834 500 1879 s.)
555 1849 556 1852 ¹
702 1859 711 1867 ..
841 1855 844 1879 3

111 1889 157 1928 297.
183 1899 204 1925 et
221 1887 282 1926 Wak.
300 1885 365 1924 edidit
386 1897 410 1922 ex
428 1884 523 1921 omnihus
538 1884 672 1925 fere-codd,
688 1892 709 1923 et
722 1891 773 1927 vett.
834 1888 844 1925 >J

61 1938 119 1979 editt.
145 1939 212 1988 Vulgo
224 1954 254 1987 ac,
268 1944 291 1976 ut
302 1939 324 1976 in
336 1937 393 1977 editt.
407 1940 459 1976 lunt.
470 1935 544 1976 siclt.
571 1937 612 1992 Pro
621 1938 771 1977 moribusGod.
834 1945 844 1997 ιᾗῑ

60 1991 117 2030 Bodl.
126 1997 153 2036 Aet
163 1991 211 2028 edit.
221 1992 271 2029 Bon.
282 1991 375 2029 moritus.
837 2002 844 2033 s}

108 2045 155 2083 301.
170 2044 262 2081 ‘ualidos
272 2042 332 2080 Wak.
345 2040 425 2091 recepit
435 2053 446 2078 e
458 2039 524 2078 Codd.
534 2038 592 2079 Bodl.
604 2045 624 2077 et
632 2040 681 2081 Brit.
693 2042 711 2080 1.
716 2069 723 2090 ‚
739 2042 773 2079 cui
838 2048 844 2068 as

58 2092 146 2132 lectioni
155 2100 227 2145 utpote
236 2093 348 2131 difficiliori
355 2106 392 2131 nos
403 2106 427 2130 eo
437 2091 541 2130 lubentius
553 2091 718 2141 auscultavimus,
730 2095 771 2144 quo

59 2146 139 2195 saepius
154 2145 193 2183 hac
209 2158 261 2183 voce
274 2145 383 2185 Lucretius
398 2144 431 2182 uti
445 2144 505 2180 solet,
534 2145 614 2183 validos
629 2151 699 2182 autem
710 2145 772 2183 nimis
800 2175 802 2178 .
834 2152 843 2181 ,ἰ

3 2227 5 2230 ⁴
58 2194 81 2232 in
93 2203 178 2246 promtu
188 2203 244 2244 erat,
261 2204 339 2235 utnon
353 2198 431 2235 mirum
440 2195 467 2231 sit
477 2207 490 2232 a
500 2194 589 2232 librariis
603 2195 699 2245 plurimis
712 2196 734 2234 in
745 2196 771 2234 li·

57 2246 101 2285 bris
111 2247 189 2285 veriori
201 2248 287 2286 lectioni
298 2262 341 2286 esse
351 2248 496 2293 substitutum3
515 2259 641 2298 quamquam
652 2249 724 2299 negari
735 2246 785 2286 ne-'
827 2245 843 2299 ie*

58 2300 217 2351 quit‚nostrum,
231 2300 266 2350 qui
274 2314 293 2339 v.
304 2315 322 2340 c.
333 2312 410 2349 vapore
423 2310 505 2347 semper
515 2305 584 2342 utatur
595 2312 633 2349 pro
645 2300 722 2349 calore,
736 2307 771 2337 ta·
825 2301 844 2350 ,ζῖζέ

57 2363 107 2389 men
122 2350 240 2400 saepissime
254 2351 312 2401 loqui
328 2351 353 2389 de
365 2350 432 2389 calido
447 2349 480 2387 vel
493 2349 582 2388 ferventi
597 2364 686 2401 vapore,
706 2359 770 2404 atque

58 2403 143 2441 omnino
154 2413 216 2440 voces
225 2401 318 2443 eiusdem
326 2401 481 2454 significationis
492 2402 517 2439 ad
526 2402 570 2440 vim
579 2404 696 2454 augendam
708 2416 770 2453 saepe

56 2455 172 2544 pmulare,
186 2452 212 2513 de
223 2467 264 2506 quo
273 2454 316 2494 eius
325 2466 364 2492 usu
372 2452 490 2505 disputandi
499 2453 525 2492 ad
536 2455 554 2505 I,
568 2452 612 2495 814.
626 2456 695 2506 aptior
704 2468 726 2494 se
738 2455 770 2493 of-

68 2513 111 2545 eret
125 2518 215 2545 occasio.
