1690 2654
73 43 121 89 loo
263 44 306 85 nn
324 42 448 85 ennena
463 40 603 96 urruns

123 153 197 194 Nidore
211 152 292 192 offendit
303 153 375 203 nareis,
388 153 476 205 consopit
487 152 563 204 ibidem

123 206 244 252 Concidere3
255 208 278 244 ut
289 219 362 257 pronos
375 206 409 256 qui
422 207 503 255 morbus
515 207 593 247 mittere
601 207 671 249 suevit.

71 256 111 299 795
149 258 282 307 Castoreoque
293 257 353 309 gravi
363 258 437 297 mulier
447 258 512 309 sepita
521 260 626 310 recumbit,

121 309 149 348 Et
160 306 251 348 manibus
263 309 348 349 nitidum
360 310 432 357 teneris
444 311 492 361 opus
505 312 570 350 effluit
581 312 607 360 ei,
648 326 651 331 ’

64 379 68 386 ·
122 361 224 411 Tempore
236 374 260 401 eo
272 362 291 415 si
303 363 385 402 odorata
397 368 434 410 est,
446 375 485 413 quo
498 367 599 404 menstrua
609 362 675 406 solvit

97 447 98 450 ,
148 413 253 465 Multaque
265 418 369 468 praeterea
378 415 495 466 languentia
508 412 602 456 membra
611 428 647 465 per
659 422 715 460 artus

122 464 213 514 solvunt,
226 469 287 516 atque
298 467 386 507 enimam
398 468 610 507 labefactant¹sedibus
622 466 683 515 intus.

70 515 112 558 800
153 518 250 568 Denique,
263 517 281 556 si
293 519 362 558 eelidis
375 520 438 558 etiam
450 524 541 559 eonetere
553 518 640 565 lavabris

122 568 210 619 Plenior,
223 573 243 608 et
254 570 323 610 flueris
333 571 384 615 solio
396 571 489 611 ferventis
502 574 568 621 aquai,
672 619 677 624 Ι

122 622 190 673 Quam
202 621 262 660 facile
273 622 295 661 in
307 622 377 666 medie
385 623 409 661 fit
420 623 450 663 uti
463 624 497 661 des
508 626 569 673 saepe
584 622 667 662 ruinas?

149 674 301 726 Carbonumque
313 673 381 724 gravis
393 674 424 713 vis
437 677 498 723 atque
510 674 559 713 odor
571 673 682 713 insinuatur

122 725 189 774 Quam
197 725 258 764 facile
267 725 289 763 in
297 726 406 773 cerebrum,
419 725 457 764 nisi
469 737 542 774 aquam
551 726 688 777 praecepimus
698 727 758 769 unte?
781 752 785 758 ι

69 773 110 818 805
122 777 154 821 rit,
168 788 228 826 quom
243 776 334 817 membra
346 776 417 816 doinus
425 776 514 828 percepit
525 777 610 826 fervide
622 778 701 818 nerveie

122 827 177 867 Tum
189 828 213 867 fit
225 828 275 867 odor
285 827 329 867 viui
339 828 413 879 plagae
423 828 538 869 ›maetabilis
550 829 626 869 instan'

147 879 217 919 Nonne
229 880 284 919 vides
296 881 364 930 etiam,
377 886 431 919 terra
444 887 523 930 quoque
534 881 599 919 sulfur
611 881 633 929 iu
644 880 689 933 ipsa

122 930 213 984 Giguier,
225 935 246 971 et
257 935 308 971 tetro
320 944 450 992 concrescere*
458 932 518 971 odore
529 932 635 971 bitumen?

121 983 220 1034 Denique,
232 982 268 1022 ubi
280 983 358 1036 argenti
370 995 429 1024 venas
441 983 526 1034 aurique
537 988 653 1035 sequuntur,
675 1028 677 1031 ,
700 1013 701 1016 ¹

70 1032 111 1074 810
122 1035 195 1074 Terrai
205 1036 283 1086 penitus
295 1040 408 1079 scrutantes¹
415 1036 483 1074 abdita
495 1037 563 1084 ferre3
676 1037 678 1039 ’

123 1086 205 1137 Qualeis
218 1087 293 1137 expiret
304 1088 427 1136 scaptensula
439 1088 513 1127 subter
521 1086 607 1135 odores?
648 1127 649 1131 ,

149 1139 228 1189 Quidve
240 1139 290 1178 meli
301 1139 330 1186 fit,
343 1141 365 1178 ut
377 1139 469 1178 exhalent
481 1143 552 1178 aurata
566 1139 665 1192 metella?
736 1165 741 1180 i

123 1191 179 1240 Quas
189 1191 294 1230 hominum
305 1191 388 1229 reddunt
402 1189 469 1236 facies,
482 1190 597 1240 qualeisque
609 1191 700 1233 colores?

122 1242 193 1282 Nonne
204 1242 267 1289 vides,
281 1241 367 1289 audisve,
380 1241 445 1292 perire
453 1240 479 1278 ‘iu
491 1245 580 1292 tempore
591 1252 654 1292 parvo
680 1267 682 1272 f

19 1294 22 1298 ’
66 1292 111 1336 ,815
122 1292 190 1345 Ωιίᾱίη
201 1294 289 1341 soleant3
303 1297 328 1333 et·
336 1306 396 1343 quam
408 1292 458 1332 vitai
470 1293 528 1342 eopia
540 1293 597 1341 desit,

82 1359 85 1362 ’
123 1348 179 1395 Quos
191 1359 250 1396 opere
261 1345 282 1394 in
294 1344 331 1385 teli
343 1345 422 1385 cohibet
433 1343 465 1384 vis
477 1349 557 1397 magne,
570 1356 649 1387 neeesse
661 1347 704 1389 est?
765 1355 769 1361 '

122 1399 166 1439 Hos
177 1398 241 1451 igitur
252 1398 312 1438 tellus
324 1398 400 1436 omneis
412 1401 514 1439 exaestuat
525 1399 597 1446 aestus,

120 1452 252 1502 Exspiratque
264 1452 318 1490 foras
331 1450 352 1489 iu
363 1454 433 1500 aperta
444 1452 562 1500 promtaque
575 1450 632 1490 eoeli.

149 1504 183 1543 Sie
196 1508 216 1544 et
227 1503 306 1543 Averna
318 1504 363 1542 loea
375 1501 454 1541 alitibus
467 1503 589 1553 summittere
602 1503 673 1544 debent

37 1553 39 1556 ’
70 1554 111 1595 820
123 1555 249 1595 Mortiferam
261 1556 309 1601 sim,
323 1556 348 1593 de
362 1558 415 1592 terra
427 1566 478 1604 quae
487 1553 553 1606 surgit
564 1553 585 1592 iu
598 1563 668 1605 aurus,'
708 1582 709 1585 =

122 1609 150 1648 Ut
163 1608 250 1658 spatium
264 1606 317 1646 coeli
328 1606 414 1655 quadem
426 1607 450 1642 de
462 1610 519 1656 porte
531 1611 623 1644 venenet:

123 1661 169 1709 Quo
181 1659 242 1699 simul
254 1672 278 1698 ac
290 1657 377 1708 primum
389 1656 457 1706 pennis
470 1657 535 1695 delata
547 1656 573 1696 sit
585 1658 633 1705 ales,

123 1711 247 1761 impedietur
256 1710 292 1758 ibi,
305 1721 364 1748 eaeeu
376 1710 467 1758 correpta
478 1720 559 1757 veneno,
602 1740 604 1743 .

123 1763 151 1802 Ut
164 1764 223 1802 cadet
234 1775 246 1800 e
260 1760 342 1812 regione
355 1760 401 1810 loei,
415 1773 454 1811 que
467 1760 536 1813 dirigit
548 1764 630 1801 aestus:

71 1812 111 1856 825
124 1816 169 1865 Quo
182 1828 242 1865 quom
251 1814 326 1853 corruit
337 1814 388 1851 haee
399 1813 511 1851 eademvis
524 1812 579 1851 illius
591 1816 664 1861 aestus,
695 1831 697 1834 ·

122 1867 226 1917 Reliquias
239 1867 294 1906 vitae
305 1864 400 1905 membris
413 1877 437 1903 ex
449 1864 540 1904 omuibus
552 1865 624 1904 aufert.
670 1911 674 1914 y

123 1916 286 1969 Quippeetenim
298 1918 363 1968 primo
376 1917 432 1967 quasi
444 1918 542 1968 quendam
554 1916 630 1956 ooneiet
641 1917 730 1965 aestum5

122 1971 223 2011 Posterius
235 1972 264 2019 fit,
277 1971 313 2018 uti,
326 1982 386 2019 quom
398 1970 440 2009 iam
452 1969 541 2007 cecidere
553 1968 625 2006 veneni

122 2024 146 2061 ln
157 2023 230 2062 fonteis
241 2023 301 2072 ipsos,
312 2021 342 2060 ibi
355 2022 381 2061 sit
392 2034 470 2071 quoque
481 2021 523 2059 vita
535 2019 642 2068 vomuuda,

71 2070 111 2113 830
122 2075 231 2125 Propterea
242 2075 295 2126 qued
306 2085 381 2125 magna
393 2073 442 2113 mali
454 2073 481 2112 sit
493 2072 551 2122 copia
563 2072 645 2111 circum.

149 2129 281 2178 Fitquoque
293 2130 316 2166 ut
326 2126 426 2165 interdum
437 2124 468 2163 vis
481 2126 532 2163 haee
544 2127 604 2176 etque
616 2126 681 2164 aestus
693 2124 774 2164 Averni

70 2215 72 2218 .
125 2179 184 2228 Aera,
199 2180 233 2229 qui
245 2180 297 2218 inter
309 2178 365 2229 areis
376 2189 475 2228 quomque
487 2179 517 2215 est
528 2179 641 2226 terramque
652 2177 736 2224 locatus,

123 2231 227 2279 Dircaeae,
239 2244 301 2281 prope
313 2230 343 2269 uti
353 2231 410 2269 loeus
420 2229 467 2268 hine
478 2228 579 2278 linquatur
591 2228 665 2270 inanis:

75 2329 76 2332 Ἴ
125 2281 201 2331 Quoius
213 2283 250 2321 ubi
262 2296 274 2321 e
285 2282 367 2333 regione
377 2281 419 2321 loei
431 2293 504 2320 venere
515 2281 610 2331 volantes,

71 2333 112 2375 835
125 2334 230 2374 claudicat
241 2335 336 2384 extemplo
348 2346 457 2384 pennarum
469 2331 523 2371 nisus
535 2331 607 2381 inanis,

123 2388 257 2437 Eteonamen
268 2386 359 2435 utrinque
370 2386 448 2424 alarum
460 2384 550 2434 proditur
562 2398 626 2425 eume¹

123 2440 176 2489 llio,
183 2437 219 2479 ubi
231 2437 303 2478 nieteri
314 2442 417 2489 nequeunt,
429 2437 557 2488 insistereque
573 2438 621 2486 alis,-
