1690 2654
219 130 259 170 AD
276 127 412 168 LIBRUM
427 125 571 166 PRIMUM.
709 118 756 166 183

39 245 88 291 hoc,
102 244 134 290 id,
148 253 187 291 pro
203 243 254 292 qua,
269 240 322 290 hac,
336 252 361 277 ea
373 237 456 288 ratione
471 237 546 288 positi,
561 248 603 288 qno
618 233 716 273 transitus
728 235 755 273 ah

39 306 80 331 una
95 293 121 331 ad
138 294 225 331 alteram
234 293 359 331 sententiam
369 290 399 328 ita
410 290 524 339 efficiatur,
538 295 562 327 ut
571 288 633 326 simul
640 287 695 338 ipsas
705 299 756 325 sen-

0 342 4 388 i
39 345 114 382 tentias
127 344 204 382 arctius
214 345 269 381 inter
279 356 301 380 se
312 343 426 380 cohaerere
438 341 514 378 clarius
524 340 646 378 indicetur.>
657 339 729 388 (Gonf.
738 342 755 388 I,
790 340 797 346 ’

38 395 246 436 235.4111.656.903.
266 397 291 440 Il,
300 394 332 433 46.
345 392 389 432 124.
402 394 448 431 221.
460 390 506 431 481.
521 391 586 428 etsie
601 404 676 439 porr03
691 391 716 428 de
731 403 755 428 re

0 460 2 497 j
38 448 83 495 ipsa
97 454 167 485 autem
184 446 224 484 vid.
240 458 292 496 quos
307 444 404 483 Ruddim.
420 447 468 481 lust.
482 443 612 482 Grammll.
623 443 698 492 p.355.
709 447 753 482 not.

0 512 2 548 ζ
38 499 70 540 25,
83 498 165 545 laudat,
180 502 201 534 et
209 496 292 539 Ramsh,
303 497 341 535 Gr.
352 497 396 534 Lat.
408 508 427 545 p.
438 496 476 534 632
486 506 502 532 s.

0 555 2 579 '1
72 573 74 579 .
89 547 134 589 224.
160 548 308 599 dissoluntque]
323 550 380 583 Hanc
387 552 408 584 et
417 546 493 588 similes
504 557 565 583 voces
572 545 593 581 in
604 545 646 582 line
655 557 754 583 versuum

38 612 120 649 semper
129 611 167 647 per
179 598 280 636 diaeresin
294 598 368 649 scripsi
378 597 475 644 Lucretio
489 596 663 644 usitatissimam(
670 597 726 636 conf.
736 600 753 645 l,

0 650 4 701 i
38 652 69 692 55.
83 652 116 698 IV,
128 650 184 689 1153.
199 652 222 699 V,
233 647 265 690 54.
277 651 322 690 910.
337 646 426 697 vrum.
442 645 519 699 aliique
535 648 578 686 loci
590 648 657 686 omnis
673 646 757 685 dubita-

0 702 1 707 ’
38 703 99 740 tionis
111 702 226 750 expertes),
241 701 297 752 quod
307 708 331 739 ut
340 702 446 747 iacerem,
464 712 503 737 nec
514 701 535 738 in
548 699 651 738 eiusmodi
662 700 756 737 versibus
817 730 818 733 ,

37 753 207 791 terminationem
217 752 352 803 spondaicam
363 759 487 798 statuerem,
504 752 570 789 movit
579 765 613 788 me
625 751 755 800 comparatio

0 812 6 846 t.
37 805 144 848 locorum,
157 810 182 841 ut
192 804 236 850 ΙΙΙ,
247 805 305 851 706.‚
318 804 339 841 in
352 804 426 854 quihus
437 810 545 841 auctorem
558 808 648 853 quatuor
657 802 756 852 spondeis

37 868 121 894 versum
130 854 191 892 finire
200 855 289 893 voluisse
299 856 351 893 mihi
361 855 488 905 persuadere
498 868 540 892 non
550 867 642 903 possum.
706 869 708 872 ’

1 899 8 942 i
88 909 133 946 228.
160 908 229 946 Verba
244 910 296 946 unde
317 909 407 947 animale
421 921 486 959 genus
498 902 600 957 ‘leguntur
614 905 670 956 apud
687 906 757 956 Sosip.

1 943 8 996 l
38 955 313 1007 313131313111131,
587 988 589 993 .

0 1049 2 1051 ,
88 1010 133 1048 229.
160 1011 190 1055 et]
206 1009 236 1046 sie
247 1009 309 1050 Codd.
320 1009 386 1060 Lugd.
398 1011 416 1048 1.
426 1010 445 1048 2.
461 1008 518 1046 Gott.
528 1007 577 1046 Brit.
584 1008 632 1047 ’2.3.
648 1013 669 1046 et
681 1019 754 1046 omues

37 1060 95 1098 editt.
106 1065 154 1097 vett.
164 1067 248 1110 praeter
257 1064 323 1109 tunt,
338 1073 392 1110 quae
407 1073 454 1096 cum
468 1059 557 1110 vulgatis
570 1059 628 1097 libris
644 1063 678 1109 (et
688 1062 751 1110 Har.)

0 1119 7 1166 p
38 1111 121 1149 exhibet
131 1123 174 1149 aut.
186 1133 212 1147 -,
225 1113 314 1150 daedala
325 1113 401 1157 tellus]
415 1111 456 1149 vid.
465 1110 492 1148 ad
502 1124 520 1148 v.
530 1112 550 1150 7.

1 1167 9 1212 ᾗ
88 1163 133 1201 231.
159 1162 267 1212 ingenuei]
282 1161 426 1212 antiquiorem
439 1175 495 1201 nom.
507 1162 561 1212 plur.
574 1162 674 1210 formam,
690 1175 754 1213 qnam

1 1230 10 1253 :²
37 1211 114 1262 ubique
123 1213 263 1258 servavimus,
277 1212 331 1259 (vid.
344 1213 425 1263 Praef.)
437 1214 472 1251 hic
489 1213 565 1252 diserte
581 1212 679 1252 exhibent
689 1215 753 1254 Codd.

68 1264 101 1315 gd.
112 1265 130 1302 1.
141 1264 161 1301 2.
179 1263 237 1301 Bodl.
248 1264 352 1302 Bentleius
368 1272 447 1303 temere
457 1266 557 1314 praetulit
572 1266 684 1304 lectionem
694 1267 752 1307 editt.

66 1328 86 1353 n.
101 1314 147 1352 Ald.
159 1316 177 1352 1.
188 1316 207 1354 2.
226 1318 326 1366 ingeniti,
341 1323 409 1353 ortam
424 1317 512 1354 fortasse
524 1330 535 1354 e
548 1324 647 1367 corrupta
657 1331 711 1355 voce
719 1322 751 1357 in-

77 1368 93 1405 ii
106 1366 128 1403 in
144 1364 202 1404 editt.
218 1367 266 1405 Ver.
286 1368 336 1407 Veu.
353 1368 426 1406 'Recte
441 1367 500 1406 lrlsak.
516 1375 623 1419 receptam
638 1369 751 1408 lectionem

74 1416 130 1455 endit
144 1416 193 1454 loco
205 1420 281 1457 Auson.
293 1420 343 1457 utos.
354 1420 385 1459 65.
398 1420 495 1470 aliisque,
513 1420 535 1457 in
546 1421 619 1471 quilius
629 1420 698 1459 fontes
709 1425 751 1460 vir-

77 1471 93 1507 ,ῗ
116 1471 169 1507 casti
177 1475 285 1521 vocantur,
298 1470 312 1518 i,
326 1484 343 1510 e.
353 1472 440 1519 sinceri,
454 1471 513 1510 clari.
527 1485 570 1510 non
581 1473 659 1509 turbati
672 1480 751 1521 etper-

67 1520 102 1579 rti-
130 1523 263 1579 aeternaque]
280 1527 355 1572 „Haec
364 1522 434 1574 lectio,
464 1524 551 1563 uantivis
560 1538 609 1563 saue
620 1525 687 1575 pretii,
701 1525 750 1562 (1οά.

76 1573 103 1619 (1.
114 1584 130 1610 e.
141 1574 190 1610 But.
203 1575 235 1621 3.)
246 1574 345 1613 debetur:
358 1588 433 1627 nempe
444 1574 517 1620 uiuum
528 1577 627 1625 noscunt,
639 1576 752 1616 utilesiod.

65 1636 85 1673 p.
99 1629 119 1660 et
129 1622 161 1662 dd.
173 1623 216 1665 548.
227 1626 271 1666 735
298 1627 374 1665 Ennius
384 1641 416 1680 ap.
428 1629 519 1670 Macrob.
530 1632 563 1678 VJ,
572 1632 591 1670 2.
606 1628 689 1679 [pisid.
701 1630 751 1666 Hes-

68 1675 85 1724 .]
100 1680 295 1734 omnesperennes.“
323 1684 403 1724 Waln,
423 1682 459 1732 qui
470 1689 580 1732 comparat
594 1682 659 1719 etiam
670 1680 704 1718 Sil.
716 1682 750 1730 IV,

77 1757 81 1766 .
96 1726 151 1766 Ovrd.
162 1732 207 1767 Am.
219 1730 253 1768 ΙΙΙ
259 1760 265 1780 ,
277 1733 295 1780 6,
306 1734 337 1772 20.
351 1732 415 1772 Rutil.
432 1735 477 1773 itin.
489 1736 536 1784 109.
548 1733 607 1774 alios.
633 1732 701 1785 Vulgo
712 1750 750 1773 ex-

68 1792 137 1830 nuque.
533 1790 534 1793 ’

78 1828 130 1869 234.
157 1840 272 1882 consumse]
293 1835 359 1875 Codd.
370 1836 420 1874 Brit.
431 1839 450 1879 2.
460 1840 479 1878 3.
494 1839 551 1878 uodt.
563 1838 621 1877 editt.
638 1837 691 1875 Brix.
700 1838 748 1875 Ver.

67 1892 84 1920 n.
110 1888 133 1920 ut
143 1892 188 1922 erat
198 1887 371 1937 exspectandum,
386 1894 535 1943 consumpsisse.
551 1890 620 1928 Ceteri
632 1902 703 1927 omnes
713 1901 750 1927 re·

80 1948 205 1987 consumpse,
221 1938 246 1976 de
257 1952 298 1990 qua
309 1939 379 1978 forma
389 1948 497 1985 contracta
507 1942 547 1980 vid.
559 1942 585 1980 ad
596 1956 615 1980 v.
625 1944 657 1982 71.

85 1985 132 2027 tu.-
155 1991 258 2043 Sequutus
276 2004 322 2029 sum
338 1993 359 2029 in
368 1992 409 2030 hoc
419 1986 466 2031 ldco
476 1994 547 2041 Wak,
562 1994 596 2046 qui
610 1993 676 2032 codd.
687 1992 749 2032 Vind.

71 2041 84 2073 t·
97 2039 114 2075 1.
124 2040 143 2077 2,
156 2041 176 2079 3,
192 2042 262 2093 nixus,
282 2043 356 2094 quihus
366 2044 442 2082 addere
456 2045 558 2096 potuisset
568 2046 627 2084 editt.
640 2049 692 2083 lunt.
702 2046 750 2083 Ald.

81 2089 188 2150 vulgatam
197 2095 322 2145 scripturam
330 2112 393 2135 nesus
405 2119 430 2125 —
444 2101 574 2151 indupedita,
588 2112 600 2136 a
610 2098 715 2150 plerisque
724 2098 750 2135 li-

1 2170 20 2202 ³:
70 2140 201 2202 seuluhrtam,
215 2146 244 2184 sio
255 2153 278 2184 ut
287 2147 349 2198 edidi,
363 2149 458 2198 mutarit,
473 2156 494 2186 et
506 2156 566 2188 recte
577 2150 670 2201 quidem,
684 2163 749 2201 quum

4 2204 20 2239 5
36 2195 130 2252 materies
145 2207 189 2246 ipsa
199 2211 243 2257 non
257 2199 320 2237 facile
332 2202 454 2253 indupedita
467 2200 509 2239 dici
517 2202 593 2253 possit,
614 2208 688 2251 contra
699 2214 749 2240 vero

67 2251 152 2295 cretius,
166 2249 206 2306 Ι11111
231 2258 293 2289 antea
313 2251 338 2289 de
357 2256 416 2292 rebus
434 2265 510 2304 genere
530 2255 631 2292 feminino
650 2256 749 2306 loquutus

71 2321 76 2340 2
90 2308 150 2356 Saepe
163 2312 187 2358 lu
195 2308 299 2340 neutrum
310 2316 374 2354 genus
391 2304 455 2343 dilabi
465 2305 532 2344 soleat
545 2307 616 2356 (conf.
625 2307 652 2345 ad
663 2306 747 2350 11191.)

76 2357 98 2383 re
111 2347 146 2387 lnc
160 2357 236 2401 etiam,
253 2356 364 2406 quominus
375 2360 495 2411 indupedita
504 2371 542 2408 pro
552 2362 684 2413 indupeditas
693 2356 747 2407 posi·

71 2399 119 2437 1ad
134 2413 168 2439 res
181 2416 202 2441 11.
210 2407 256 2446 239.
275 2416 450 2447 commemoratas
467 2410 596 2458 referamus,
612 2411 642 2448 nil
652 2407 745 2458 impedit.

71 2459 106 2486 eor
120 2459 201 2513 tamen,
221 2458 239 2494 si
255 2457 318 2497 lectio
332 2476 396 2500 nexus
411 2464 551 2515 indupeditos,
570 2476 632 2513 quam
643 2458 746 2498 Lamnus

76 2501 136 2542 nulus
145 2504 204 2546 libris
213 2520 234 2546 se
243 2507 345 2550 invenisse
353 2513 471 2563 profitetur,
483 2513 560 2553 idonea
571 2514 693 2551 auctoritate
703 2509 745 2547 ful-

543 2570 592 2623 or.
