1690 2654
135 100 137 103 ’
210 117 596 171 rumssuuirouiurun.
657 116 661 123 '⁴
715 115 764 163 355

48 232 109 275 dend.
122 233 148 272 ad
159 231 239 285 Apuleii
248 232 296 270 Met.
307 230 321 272 1,
333 230 372 270 III.
382 243 403 280 p.
414 231 458 271 183.
473 228 603 270 defendunt.
621 227 662 266 Sed
670 226 765 279 plurium

47 293 68 325 et
79 286 189 325 meliorum
198 285 301 323 librorum
311 283 423 321 auctoritas
433 281 553 332 spectanda.
581 283 681 320 Ceterum
691 293 702 317 c
714 280 763 317 loco

45 345 118 376 nostro
128 339 211 377 fluxisse
222 336 361 375 catullianum
372 334 433 372 illurn
444 336 516 382 LXIV,
527 332 581 382 264,
595 332 630 370 alii
640 332 683 370 iam
693 332 765 371 obser·

46 397 128 429 verunt.
145 426 147 429 ,
211 427 213 430 ,

96 440 142 481 547.
168 441 244 478 Versus
254 450 298 476 non
306 436 374 475 minus
384 435 502 486 impeditus,
517 436 542 473 de
555 449 595 486 quo
608 435 668 476 Wak.
679 435 709 473 sic
717 436 763 474 fere

36 494 124 538 refert:
139 491 223 542 „Lnga
231 492 250 529 2.
265 489 315 539 [oui
325 488 379 526 adde
391 489 444 528 Brix.
453 490 499 526 Ver.
512 494 533 525 et
543 487 605 537 Veii]
619 488 648 524 ita
657 488 717 525 nobis
729 500 764 526 ex-

45 552 128 583 aratum
143 548 236 591 praestat
251 540 389 579 versiculum:
404 544 431 578 Er
441 542 517 578 validis
529 555 576 579 nece
587 542 647 578 tortis
656 556 680 578 ex
691 543 763 579 Elico-

45 600 89 642 nis,
103 601 166 644 atque
180 592 277 630 similiter
284 604 371 642 prorsus
380 590 446 643 Lugd.
455 594 474 632 1.
484 591 541 631 Bodl.
552 590 612 630 Vind.
624 590 671 629 orit.
683 593 701 631 1.
712 593 732 631 2.
742 592 763 631 3.

46 648 114 694 Cant,
127 645 166 683 nisi
177 644 234 697 quod
244 644 310 696 Lugd.
318 645 336 683 1.
349 642 384 680 det
394 655 440 682 nect
449 655 487 693 pro
497 659 556 692 nece,
570 643 619 680 Brit.
628 645 645 682 1.
657 657 693 681 nec
703 659 713 681 e
722 655 763 687 tor-

46 702 81 745 tis,
94 701 143 737 Brit.
152 699 172 737 3.
184 713 231 736 nece
241 700 318 735 torerie.
337 696 362 732 In
375 696 433 733 Cant.
443 707 516 732 manus
524 695 631 732 recentior
640 707 703 744 supra
712 694 764 732 seri·

39 751 182 800 'psitlioztiliur
196 749 252 786 inter
266 746 375 786 validis'et
385 762 432 785 nece
436 762 444 790 ;
461 746 519 797 quasi
533 747 559 784 de
570 746 621 783 vivis
630 745 762 793 animalibus,

47 813 100 853 quae
111 800 225 838 Bassarides
236 799 350 849 bacchatae
361 798 511 846 dilacerarent,
525 797 584 849 loqui
597 799 720 836 Lucretium
731 798 763 836 in-

45 853 161 903 telligeret3
176 852 222 898 sed,
236 851 321 901 opinor,
334 857 420 890 temere.
445 850 532 887 Numeri
541 849 661 895 deficientes
670 851 692 887 in
703 852 763 890 Poor.

46 904 75 942 sic
84 904 203 954 explentur:
217 907 245 941 Et
255 905 320 940 validi
329 913 415 954 rorgoni
423 917 471 940 nece
480 907 519 938 etc.
542 902 589 938 Pius
603 902 668 949 [cum
677 901 721 941 ild.
728 901 760 951 1.]

46 955 111 993 edidit
121 958 143 995 V
140 957 214 993 ollibus
224 966 244 992 et
253 956 316 1007 cygni
327 969 374 992 nece
387 955 463 992 detorti
472 969 497 991 ex
507 955 622 997 Heliconis,
638 958 674 999 ut,
687 952 763 990 vocula

45 1023 93 1048 nece
110 1012 204 1057 excepta,
219 1018 272 1056 quae
285 1017 369 1056 prorsus
383 1004 524 1054 desideratur,
539 1005 561 1042 in
571 1003 635 1043 Codd.
648 1004 763 1042 emendatis

45 1059 147 1107 scriptum
163 1057 249 1097 invenit.
255 1058 268 1100 ‘,‘
280 1078 307 1085 -
320 1060 344 1095 ln
358 1058 411 1093 lunt.
430 1061 451 1092 et
469 1055 514 1093 Ald.
527 1058 546 1096 2.
559 1067 630 1093 versus
643 1068 654 1093 e
667 1055 721 1094 coni.
732 1056 763 1094 sio

46 1110 164 1148 exhibetur:
179 1114 207 1147 Et
220 1110 290 1160 gelida
306 1111 365 1157 cycni
373 1123 420 1146 nece
431 1111 481 1146 torti
493 1124 517 1146 ex
527 1118 586 1146 antro
595 1110 692 1156 heliconis
697 1124 704 1152 ,·
717 1107 763 1145 vul·

23 1176 32 1186 ν
45 1175 72 1212 go
84 1168 155 1198 autern
166 1160 234 1197 editur
247 1163 267 1199 V
266 1161 340 1203 ollibus
352 1171 372 1197 et
383 1162 441 1209 cycni
449 1161 524 1210 gelidis
535 1158 574 1199 orti
584 1176 609 1199 ex
621 1162 736 1207 Heliconis,
750 1171 762 1197 e

44 1213 120 1250 Lamh.
137 1211 270 1257 coniectura,
284 1223 359 1260 quam,
373 1210 429 1261 quod
446 1211 588 1250 verbum‘orti
598 1212 681 1259 attinet,
695 1223 763 1262 nuper

45 1264 109 1301 etiam
121 1262 214 1300 defendit
223 1262 320 1299 Knehelii
330 1263 407 1300 Censor
418 1261 517 1303 Halensis.
542 1262 614 1301 Faber.
628 1263 682 1302 corii.
696 1265 763 1303 Volli-

45 1317 112 1354 ἵκω-ει
121 1314 328 1367 gelidiecycnicdrti
338 1330 363 1353 ex
372 1316 430 1356 Hel„
446 1317 496 1353 flav.
505 1327 555 1352 vero
568 1318 590 1354 V
587 1317 661 1354 allitus
672 1326 692 1353 et
703 1317 763 1365 cycni

37 1367 187 1418 ‘faelicisforte
199 1382 224 1404 ex
235 1367 282 1404 Hel.
297 1365 357 1403 Wak.
370 1366 400 1403 sic
411 1366 491 1403 exarari
502 1366 572 1404 iussit:
586 1372 615 1405 Et
624 1368 676 1405 valli
685 1369 761 1417 cycnis,

14 1425 17 1428 ’
44 1434 92 1457 nece
108 1421 179 1466 tortis,
194 1433 222 1456 ex·
230 1418 345 1466 Heliconis,
361 1417 416 1468 quod
427 1430 489 1454 nemo
499 1417 563 1455 facile
574 1416 685 1469 intelliget.
711 1420 761 1466 Nos,

44 1470 125 1508 Eichst..
136 1469 229 1520 sequuti,
251 1469 390 1519 plurimorum
403 1468 506 1507 librorum
521 1469 648 1518 scripturam
663 1470 761 1509 mutilam

46 1533 94 1559 cum
106 1520 151 1559 Ald.
162 1524 180 1560 1.
194 1527 215 1558 et
221 1523 273 1560 ton.
283 1521 374 1559 lectione
384 1520 512 1573 coniungere
522 1521 648 1569 studuimus;
664 1522 761 1561 eandem·

46 1584 86 1625 que
93 1572 202 1612 'rationem
214 1579 235 1610 et
244 1572 357 1610 Knebelius
366 1573 469 1623 ingressus
482 1579 524 1622 est,
539 1574 569 1611 sic
578 1580 674 1612 vertens:
746 1583 748 1586 '

125 1627 178 1664 Oder
188 1640 259 1675 warin,
272 1627 325 1664 nolte
336 1628 380 1665 clem
391 1627 446 1675 Tod’,
461 1628 482 1664 in
492 1629 528 1665 des
537 1627 635 1665 Helikous
644 1628 761 1681 schottigen

87 1708 89 1710 ·
205 1715 209 1719 .
513 1680 607 1726 Thalem,

125 1729 279 1780 Trauertdnend
295 1731 332 1768 det
347 1732 433 1770 Sckwcm
446 1732 552 1769 unctimmt
561 1733 605 1768 rein
614 1732 762 1771 schmelzendea
815 1763 819 1766 .

124 1804 125 1808 =
510 1783 615 1835 Klaglied.

97 1830 142 1870 550.
170 1833 294 1882 emittimus]
308 1832 420 1884 „Luget
432 1835 544 1877 mittimur}
557 1834 612 1871 unde
622 1839 705 1873 tentare
714 1846 761 1885 pos-

45 1880 231 1973 {iii‘fiisaskqwm
245 1887 343 1923 mittimus
359 1899 404 1923 ore:
418 1884 455 1923 sed
472 1884 540 1923 obstat
554 1887 603 1926 Hor.
620 1888 683 1936 Epist.
697 1889 713 1933 l,
729 1889 761 1935 18,

46 1961 48 1965 .
73 1960 78 1970 ,
144 1949 157 1973 α
178 1962 183 1972 ,
204 1957 205 1960 ¹
259 1952 265 1957 «
372 1959 374 1962 .

96 1985 141 2024 551.
166 1987 286 2036 verborum]
299 1986 328 2025 ita
340 1986 378 2025 soli
393 1986 455 2026 Codd.
464 1986 530 2039 Lugii.
542 1989 561 2028 1.
570 1989 590 2029 2.
601 1990 671 2036 Cant.;
684 1988 761 2040 reliqui

46 2034 94 2077 libri
106 2048 176 2074 omnes
186 2053 303 2086 nervorum,
316 2051 432 2089 perperam.
445 2061 472 2068 -—
485 2042 603 2080 Articulare
610 2041 688 2091 legitur
697 2041 762 2080 etiam

46 2086 102 2137 apud
119 2089 194 2128 Arnob.
208 2092 253 2129 Vll.
265 2104 287 2140 p.
298 2093 343 2131 217.
360 2090 439 2139 Apulei.
458 2091 535 2130 Florid.
550 2094 596 2133 ΧΠ.
612 2094 648 2143 [Τ.
663 2098 685 2133 Π.
695 2107 716 2143 p.
728 2092 761 2133 44.

48 2137 112 2197 Qud]
127 2141 229 2181 Ammian.
247 2146 311 2180 Marc.
327 2145 395 2189 XXX,
412 2145 429 2182 1.
445 2143 594 2194 (quoslaudat
604 2145 678 2194 Wak.)
692 2152 713 2182 et
724 2149 761 2183 So-

46 2189 82 2229 lin.
96 2192 152 2230 cer.
178 2194 208 2231 De
218 2208 271 2232 voce
282 2198 379 2234 daedalos
392 2195 448 2235 conf.
459 2208 511 2245 quae
522 2196 667 2235 annotavimus
678 2197 706 2235 ad
714 2201 730 2246 Ι,
741 2198 760 2238 7.

47 2247 69 2279 et·
80 2241 180 2281 Columna
190 2246 216 2283 ad
226 2247 315 2285 Ennium
325 2262 349 2299 p.»
356 2249 400 2286 502.
415 2249 421 2296 l
427 2260 446 2297 p.
459 2248 504 2287 328.
514 2249 586 2295 Hess.)

97 2293 141 2332 552.
167 2299 299 2349 Formarum]
315 2301 392 2348 „Voce
409 2311 456 2336 usus
473 2305 505 2336 est
521 2300 624 2338 Arnohius
636 2303 660 2339 Il.
673 2314 693 2350 p.
706 2300 759 2341 59.“

47 2346 79 2383 W
80 2359 93 2382 a
98 2346 117 2382 lc.
138 2346 202 2386 Redit
208 2351 279 2388 statim
286 2365 308 2394 xu.
320 2353 376 2399 558.‚
391 2357 411 2388 et
420 2353 445 2400 ll,
457 2352 501 2392 819.
512 2351 582 2389 adfuit
589 2352 661 2390 forma
670 2366 711 2390 non
721 2351 760 2389 mi-

46 2407 87 2485 nili
95 2408 142 2433 rara
145 2398 315 2453 formamenrum,
330 2416 393 2456 quam
404 2409 424 2441 et
433 2402 501 2454 ipsam
510 2403 535 2442 ab
546 2395 637 2443 Arnobio
647 2410 761 2442 assumtam

46 2459 66 2485 vt
89 2459 142 2487 mus.

76 2552 77 2555 Ἴ
96 2497 141 2539 554.
168 2501 236 2551 levor]
249 2505 314 2558 Lugd.
332 2509 349 2550 1.
364 2508 384 2549 2·
402 2506 453 2546 Brit.
464 2507 482 2548 1.
501 2508 557 2547 Cant.
572 2506 626 2547 Brix.
644 2507 692 2547 Ver.
707 2505 760 2547 Ven.
