1690 2654
86 83 135 130 364
305 81 586 125 ANNOTATIONES

71 216 73 218 ·
86 194 154 233 solute
169 196 296 242 usurpantur
310 189 341 247 (r.
353 205 371 231 c.
382 193 437 247 quod
447 208 469 246 g.
480 195 524 244 111,
535 195 581 236 222.
591 194 637 236 267.
647 194 693 235 277.
705 194 751 235 328.
761 191 807 236 432.

86 248 131 287 596.
144 246 182 282 120⁶
190 261 212 297 g.
223 245 256 292 vi,
266 245 312 284 918.
327 247 350 284 za
359 262 381 299 g.
392 247 426 294 vi,
438 246 483 286 113.
493 251 545 298 etc.)

137 296 182 335 738.
203 296 275 349 fiunt]
291 296 386 349 Lugd2.
399 298 461 339 Vind,
477 299 537 339 Poor.
554 297 604 340 Brit.
616 300 634 339 1.
646 300 666 339 3.
683 298 741 336 Cant.
752 298 806 337 Brin.

84 350 131 388 Ver.
144 348 197 388 Ven.
210 352 282 401 fluunt
287 366 294 395 ‚·
308 362 373 402 quare
388 349 450 391 Wak.
461 351 516 394 coni.
522 354 619 404 fluvuut,
633 352 672 400 (ut
684 353 714 400 ll,
724 347 772 390 464.
784 357 808 389 et

82 400 369 493 pp61ptuppdusprofluidns
380 402 471 473 legitur)
487 404 535 444 coll.
547 403 619 445 Vossio
629 403 655 442 de
665 408 704 441 art.
715 414 807 455 gramm.

106 482 112 502 '
135 481 181 546 7'40.
199 482 274 559 'quan
296 505 358 548 nna
378 507 441 549 Poor.
460 507 510 547 nat.
523 509 541 549 1.
555 509 574 550 a.
585 508 607 549 3.
619 507 673 546 aar.
690 507 738 547 ver.
754 506 806 545 ven.

84 573 135 652 lt.
145 578 172 650 t?
180 558 807 664 illiti?iiitllstlatti‘iltltlsl'lflaf'tssititiss

25 691 29 694 ,
83 662 148 714 vulgo
163 666 278 701 consistunt
289 674 304 704 ,e
319 663 417 701 Lambini
432 663 565 712 coniectura,
579 664 664 703 aGodd.
675 663 766 715 vestigiis
775 664 808 702 ni-

83 714 153 766 mium
169 714 287 751 recedente.
315 714 414 752 Ordinem
429 721 451 752 et
468 716 647 755 constructionem
659 715 720 756 Wak.
730 715 760 753 sic
772 729 807 753 ex-

82 766 154 818 ponit:
169 766 214 814 „Et
224 778 274 817 quas
282 764 385 817 imagines
394 766 514 815 simulacra,
529 780 553 806 ex
562 768 641 807 horum
652 767 742 806 duorrun
753 767 807 820 ligu-

82 818 112 856 ris
122 817 190 863 facta,
204 817 354 868 confingunt.“
478 833 486 837 ff

137 868 183 909 742.
210 873 303 916 animai]
316 869 330 908 i.
348 883 366 910 e.
384 869 453 919 vitae3
468 870 498 909 sic
515 876 587 909 autem
604 870 665 910 Walr.
679 884 730 910 cum
743 871 806 913 Poor.

82 920 132 962 Brit.
144 924 161 962 1.
171 923 191 961 2.
202 923 222 962 3.
235 928 256 960 et
265 921 345 960 cunctis
356 921 413 972 editt.
424 928 488 971 vett.;
502 923 534 961 Pii
543 922 606 960 codd.
617 923 702 975 quidam
712 926 807 964 animan·

84 985 141 1021 tum,
155 974 220 1026 Lugd.
233 975 250 1014 1.
260 976 280 1015 2.
291 979 370 1022 anima,
384 973 445 1011 Vind.
458 977 550 1020 animab
562 973 625 1026 vulgo
637 976 741 1015 animalia.

136 1024 182 1066 744.
209 1025 329 1076 Haerescit]
353 1027 402 1065 Ver.
422 1028 474 1065 Ven.
490 1029 609 1074 Hacrescit,
634 1027 688 1066 Brin.
701 1030 806 1078 Harescit,

82 1075 132 1116 Brit.
144 1079 167 1118 3.
176 1079 221 1118 Hoc
230 1080 314 1127 crescit,
328 1077 389 1119 Vind.
399 1078 449 1116 Brit.
461 1079 479 1117 1.
487 1082 587 1124 Ameneia,
601 1078 663 1117 Poor.
674 1083 786 1120 Acarescit.

81 1156 84 1158 -
135 1131 182 1170 752.
208 1132 276 1169 simile
293 1140 324 1169 eat
339 1130 383 1180 illi]
398 1129 428 1168 sic
438 1129 499 1168 Wak.
511 1129 602 1168 restituit
613 1142 637 1168 ex
649 1130 746 1169 omnibus
759 1130 806 1169 fere

82 1180 149 1230 libris,
160 1181 209 1219 loco
218 1181 249 1219 sic
259 1187 379 1220 constructo
388 1187 410 1218 et
421 1181 536 1232 explicato:
545 1180 562 1229 '„
569 1185 676 1230 Quatenus
686 1182 728 1220 hoc
737 1181 806 1220 simile

84 1240 115 1272 est
130 1233 172 1283 illi,
188 1234 279 1284 (nempe
287 1233 360 1286 'imago
370 1233 392 1271 in
403 1239 474 1271 mente
484 1232 583 1284 imagini,
596 1245 649 1284 quae
657 1233 743 1272 lacessit
754 1237 809 1272 ocu·'

82 1286 129 1335 los)
142 1298 227 1324 necesse
245 1292 277 1323 est
290 1285 323 1332 id,
342 1285 399 1337 quod
413 1290 485 1323 mente
497 1285 601 1334 videmus,
621 1291 685 1336 atque
699 1285 734 1334 id,
749 1285 806 1336 quod

83 1337 151 1376 oculis
162 1335 267 1385 videmus,
284 1335 349 1374 simili
360 1336 409 1375 fieri
419 1336 502 1375 ratione
512 1336 633 1386 utrobique.
639 1338 652 1356 ‘⁴
678 1336 745 1389 Vulgo
758 1352 805 1377 ocn-

82 1391 121 1438 lis,
135 1402 146 1428 e
161 1389 259 1428 Lambini
276 1388 408 1440 coniectura,
423 1388 457 1428 cui
466 1388 526 1428 favet
535 1400 561 1427 ex
573 1387 671 1427 omnibus
681 1387 740 1428 libris
750 1402 804 1429 unus

82 1441 147 1482 mollo
155 1441 209 1481 Brit.
222 1442 241 1482 3¹
627 1447 636 1459 Γ

116 1491 118 1493 ’
134 1494 180 1535 754.
207 1495 267 1533 docui
276 1494 380 1546 quoniam]
395 1491 425 1532 sic
435 1491 496 1534 Wak.
509 1503 558 1531 cum
568 1490 745 1542 omnibus'libris3
758 1492 804 1532 vul-

83 1558 110 1598 go
121 1548 217 1599 quoniam
228 1548 294 1584 docui.
309 1567 334 1573 -
348 1547 427 1585 leonum
436 1545 494 1583 idem
503 1544 564 1584 Wak.
576 1543 692 1594 eplurimis
700 1544 760 1582 libris
770 1558 804 1583 re-

82 1598 167 1635 vocavit
177 1610 217 1647 pro
228 1596 310 1648 vulgari
321 1598 398 1645 leones,
413 1597 470 1648 quod
482 1600 592 1647 comparet
603 1595 625 1633 in
634 1596 694 1637 Vind.
705 1595 751 1635 Ald.
759 1598 777 1637 1.
784 1599 804 1638 2.

81 1651 133 1687 Bon.
142 1650 198 1691 lunt.
226 1649 359 1687 Constructio
369 1656 442 1700 aperte
454 1649 484 1687 sic
493 1646 602 1699 procedit:
618 1647 719 1699 quoniam
734 1648 803 1698 docui,

82 1712 119 1739 me
131 1700 188 1738 forte
197 1713 236 1751 per
244 1700 358 1739 simulacra
367 1700 454 1738 leonum
466 1712 553 1738 cernere
566 1700 641 1739 leones.
667 1702 755 1737 Sensum
770 1706 804 1738 to-

82 1751 124 1789 tius
134 1751 177 1790 loci
187 1758 269 1801 autem,
283 1751 318 1790 cui
327 1751 459 1803 hyperbaton
470 1751 537 1790 inesse
549 1749 611 1800 dicit,
625 1750 686 1791 Wak.
700 1750 730 1788 sic
741 1762 803 1802 expo-

81 1803 127 1842 nit:
148 1804 222 1854 „Leo,
241 1816 304 1855 quem
319 1816 378 1842 mens
394 1802 574 1854 concipitstdem
592 1807 623 1840 est
636 1815 722 1853 prorsus
737 1802 802 1853 leoni,

83 1868 148 1907 quern
160 1856 215 1894 oculi
226 1862 326 1893 cernunt:
338 1869 365 1894 ne
376 1856 457 1894 dubites
469 1855 546 1908 igitur,
561 1858 673 1905 utramque
688 1854 804 1906 imaginem

82 1920 122 1958 per
134 1906 247 1946 simulacra
255 1907 370 1946 incidentia
385 1907 489 1960 generari.
515 1905 615 1956 Sequitur
626 1918 675 1957 ergo
684 1922 721 1959 per
731 1906 803 1945 simul-

82 1971 133 1997 acra
151 1959 237 1998 leonum
251 1959 275 2010 (i.
288 1971 306 1998 e.
321 1972 346 1997 ex
361 1959 394 1997 his·
405 1959 491 1998 leonum
509 1955 637 2005 simidacris,
650 1964 694 2007 pro
706 1959 802 2009 exemplo

83 2010 195 2060 adhibitis)
210 2024 263 2062 quae
273 2017 317 2048 tam
329 2011 408 2059 oculos,
422 2023 486 2062 quam
495 2015 597 2056 mentem,
609 2007 689 2047 feriunt
699 2010 804 2049 consimili

83 2061 176 2112 quodam
184 2063 261 2110 modo,
275 2069 358 2102 caetera
368 2062 434 2101 etiam
446 2062 524 2110 omnia,
539 2071 593 2112 quae
603 2071 662 2099 mens
673 2061 752 2109 cernit,
766 2075 803 2101 ae·

84 2124 125 2163 que
134 2115 198 2164 atque
208 2114 270 2162 oculi,
284 2128 328 2151 non
338 2114 379 2152 alio
390 2120 453 2164 pacto
465 2113 530 2161 cerni,
545 2124 608 2163 quam
620 2126 661 2163 quo
672 2113 744 2151 leones
756 2126 803 2151 cer-

83 2166 189 2203 nuntur.“
215 2165 335 2217 Simplicius
351 2166 403 2203 mihi
417 2165 513 2214 videtur,
527 2162 545 2200 si
557 2176 596 2213 per
610 2164 739 2202 notissimam
751 2165 802 2204 alli-

82 2215 129 2266 psin
141 2218 229 2266 copulae
239 2230 259 2256 et
269 2224 318 2255 ante
329 2218 402 2266 celeri,
417 2218 503 2270 reliqui,
517 2231 590 2263 omnes,
605 2217 643 2255 ulii
653 2223 693 2255 etc.
709 2216 750 2263 (de
760 2230 803 2269 qua

84 2266 142 2306 conf.
159 2276 242 2317 praeter
256 2269 308 2307 alios
323 2269 446 2308 Ramshorn.
465 2268 503 2306 Gr.
518 2269 563 2306 Lat.
578 2267 754 2318 §.179.)'locum
771 2270 802 2307 sic

34 2344 39 2348 ι
83 2318 229 2371 expediamus:
243 2321 297 2359 scire
305 2321 362 2369 licet,
375 2326 469 2358 mentem
480 2318 543 2357 simili
553 2319 636 2357 ratione
650 2322 724 2370 (atque
736 2320 800 2369 oculi)

81 2370 164 2408 moveri
172 2383 210 2421 per
220 2371 332 2410 simulacra
342 2372 429 2411 leonum
442 2382 463 2410 et
475 2377 546 2409 cetera
556 2372 666 2411 simulacra
679 2370 706 2420 (i.
718 2383 736 2408 e.
747 2371 801 2410 alia-

81 2435 130 2460 rum
144 2434 217 2460 rerum
233 2423 370 2473 simulacra),
386 2435 440 2474 quae
454 2422 512 2460 videt
525 2435 591 2473 aeque
607 2429 672 2474 atque
682 2422 738 2460 oculi
749 2429 800 2470 etc.;

81 2486 147 2526 quare
163 2486 277 2515 commea
292 2474 353 2516 Wak.
367 2481 416 2528 post
432 2477 509 2516 moveri
521 2473 623 2514 insertum
638 2486 709 2513 rursus
725 2472 799 2517 delevi.
