1690 2654
220 93 261 132 AD
277 91 413 131 LIBRUM
431 92 611 144 QUARTUM.
732 87 781 133 375

59 200 82 237 in
92 206 176 238 tumore
191 200 270 251 pedum
288 207 308 238 et
320 201 423 240 varicibus
441 201 529 239 haeret?
561 204 607 239 Hoc
627 206 698 239 autem
715 199 780 238 verbo

59 253 181 290 Lucretium
197 253 340 303 metonymice
353 267 392 304 pro
407 254 527 291 lassitudine
544 254 624 303 pedum
638 267 699 291 usum
710 254 780 300 fuisse,

59 304 173 342 admodum
185 306 251 343 audax
263 312 293 343 est
303 307 381 355 opinio.
408 308 477 352 Quare
487 306 557 356 potius
568 306 623 343 hune
634 319 729 351 versum,
744 305 781 356 qui

59 369 73 393 a
86 357 180 407 pluribus
197 358 256 395 libris
275 358 496 408 aliest‚sadscriptum
518 363 570 407 puto
587 358 613 394 ab
629 358 780 408 interpolatore

60 410 164 459 quodam,
180 410 215 459 qui
226 409 370 459 praecedentis
381 410 507 447 sententiam
519 409 629 459 participio
643 413 725 449 oubcmti
736 422 779 447 non

60 467 107 510 apte
117 462 198 498 linitam
210 473 336 512 omnemque
346 474 430 499 versum
440 475 483 499 non
494 461 543 498 satis
553 461 633 498 clarum
646 468 666 498 et
675 462 780 511 liquidum

59 512 173 552 lraberet.“
194 515 281 551 certanti
290 525 339 550 vero
352 514 381 562 ita
393 513 539 563 accipiendum
551 514 645 559 dixerim,
659 520 682 550 ut
694 515 779 552 effectus

58 565 100 602 hoc
114 565 159 614 ipso
174 565 274 615 temporis
290 571 399 602 momento
416 565 500 602 futurus
510 572 611 614 tanquam
621 578 654 602 res
667 566 709 603 iam
720 579 780 616 prae-

58 628 105 654 sens
116 623 307 667 commemoretur,
321 617 411 668 ideoque
422 630 492 655 sensus
503 618 539 655 sit:
553 617 654 666 Brachia,
667 618 780 668 palpebrae

59 669 191 718 poplitesque
207 669 297 719 cadunt,
311 676 335 707 ut
350 670 414 707 homo
432 669 475 709 iam
491 670 570 721 sopitus
586 671 713 721 procumbat
726 670 780 708 etin

58 721 114 759 lecto
127 721 195 759 cubet.

111 775 156 813 959.
183 773 280 822 contuso]
294 772 343 810 Cod.
355 772 509 812 VatLambini
518 789 615 819 coneum,
631 786 695 824 quare
705 774 779 810 Mure-

58 832 92 862 tus
110 825 165 864 coni.
181 841 289 868 oenomao,-
303 824 431 864 Gifan.vero
449 840 536 864 com-usu
546 826 628 873 probat.
656 828 731 862 Omnes
747 832 779 862 ta-

58 889 107 914 men
120 877 181 916 Codd.
194 878 246 917 Hav.
260 883 280 913 et
291 878 357 924 Wak„
367 877 421 914 sicut
432 884 520 914 cunctae
533 877 590 916 editt.
600 884 657 925 vett,
670 878 778 928 vulgatam

58 936 151 966 tuentur.
178 929 224 967 uid.
241 928 304 965 etiam
318 941 380 978 supra
396 943 415 966 r.
426 929 472 968 935.
484 936 504 966 et
514 930 552 968 939
565 942 590 966 ss.
619 931 647 966 De
662 942 715 966 voce
732 945 780 966 eou-

59 983 144 1020 tundere
159 980 217 1018 tuate.
231 981 290 1018 iubet
302 982 400 1018 conferre
409 982 502 1018 Gortium
513 981 539 1017 ad
551 981 633 1020 Sallust.
645 982 691 1032 lug.
701 980 733 1019 43.
743 980 779 1017 fin.

106 1034 154 1071 960.
179 1045 247 1084 porte,
262 1033 275 1069 i.
289 1045 306 1072 e.
318 1044 342 1069 ex
352 1029 422 1082 Ρᾱτϊθζ
433 1033 494 1073 Wak.
505 1032 597 1070 restituit
610 1045 634 1070 ex
645 1033 742 1069 omnibus
754 1032 781 1068 li-

58 1084 113 1131 bris,
127 1084 218 1132 exceptis
233 1083 297 1121 modo
310 1084 356 1122 Ald.
368 1087 387 1124 1.
399 1086 419 1123 2.
432 1086 482 1123 Bon.
494 1086 562 1132 lunt,
576 1097 629 1136 quae
644 1085 717 1122 favent
731 1083 780 1121 vul-

58 1137 105 1189 gari
113 1135 197 1173 lectioni
208 1152 276 1189 porro.

109 1189 154 1227 952³.
182 1189 210 1223 De
224 1188 295 1224 forma
308 1189 394 1226 divisior
405 1187 491 1238 aliisque
502 1187 617 1225 rarioribus
631 1185 780 1237 comparativis

57 1239 218 1290 participiorum
232 1239 288 1278 conf.
300 1239 397 1277 Ruddim.
411 1242 459 1279 Inst.
472 1242 506 1278 Gr.
518 1243 533 1278 J.
544 1253 566 1290 p.
578 1242 623 1280 177.
633 1246 678 1276 not.
688 1237 721 1280 48.

110 1292 156 1331 963.
184 1290 223 1340 Et]
238 1291 330 1342 Lugdu.
340 1298 376 1340 At,
391 1291 444 1332 Brix.
454 1297 499 1331 Est.
514 1315 538 1320 —
553 1293 603 1345 quo]
618 1291 648 1328 sic
659 1290 718 1330 Wak.
730 1303 779 1328 cum

59 1343 156 1381 omnihus
172 1341 231 1380 libris
246 1349 330 1393 praeter
345 1343 410 1395 Lugd.
425 1345 455 1391 2.,
482 1346 536 1397 quod
549 1345 694 1393 praebentem3
715 1342 779 1393 vulgo

58 1399 119 1447 quoi,
135 1394 192 1445 quod
207 1394 256 1433 solis
273 1394 387 1433 editoribus
403 1395 497 1433 debetur.
511 1417 536 1423 —
550 1397 657 1448 defunctus
667 1394 728 1433 Wak.
742 1406 779 1431 re-

59 1447 115 1497 cepit
129 1458 140 1483 e
158 1445 216 1487 Bodl.
234 1447 294 1485 Vind.
310 1447 360 1486 Brit.
371 1449 390 1486 2.
402 1448 420 1486 3.
436 1454 456 1484 et
467 1446 547 1484 cunctis
557 1454 607 1485 vett,
620 1446 692 1494 editt,
706 1446 779 1483 locum

59 1499 89 1536 sic
101 1500 263 1548 interpretatus:
278 1500 381 1549 „quoties
393 1498 466 1548 aliquis
476 1499 584 1550 negotium
595 1498 723 1549 perfecerit,
738 1510 779 1535 nec

58 1557 130 1588 tamen
140 1550 165 1587 ab
175 1550 212 1587 illo
220 1558 314 1588 mentem
325 1551 393 1588 adhuc
400 1550 578 1596 abalienaverit;“
592 1550 655 1601 vulgo
666 1553 778 1599 devinctus,

44 1604 45 1607 ’
60 1603 122 1654 quod,
134 1603 199 1639 verbo
209 1605 319 1642 acldoerere
329 1603 441 1650 adiectum,
450 1603 572 1654 languidum
586 1609 622 1641 est.

110 1656 156 1694 966.
183 1655 287 1706 videmur]
301 1655 350 1693 Brit.
359 1657 379 1694 2,
390 1657 481 1704 uidetur,
496 1655 544 1691 Brit·
557 1657 576 1694 3.
588 1656 648 1692 Cant.
659 1656 760 1692 uidentur.

110 1707 155 1746 967.
183 1722 299 1758 componere
308 1706 375 1757 leges]
389 1707 473 1743 Creecli.
485 1719 527 1743 esse
536 1705 577 1755 ait,
593 1706 628 1757 qui
641 1705 716 1742 malint
727 1720 779 1743 com-

55 1772 132 1809 ponere
144 1760 203 1802 lites,¹
213 1759 279 1809 idque
291 1759 357 1796 multo
369 1758 483 1808 elegantius
496 1766 567 1795 censet
577 1760 645 1809 Preig.
672 1759 736 1796 Recte
747 1763 779 1794 ta·

58 1821 109 1846 men
125 1809 185 1847 Wak.
200 1811 309 1861 vulgatam
324 1810 418 1848 defendit
432 1809 472 1847 hac
489 1810 636 1860 explicatione:
651 1822 704 1857 „eas
720 1809 778 1859 leges

59 1859 157 1908 definire,
172 1861 245 1911 quibus
259 1862 306 1899 lites
321 1862 448 1899 dirimantur
460 1869 480 1899 et
492 1862 531 1899 fiat
540 1861 684 1901 reconciliatio
693 1860 778 1911 litigan-

59 1911 142 1957 tium;“
156 1913 271 1964 laudatque
283 1914 340 1965 Virg.
354 1918 403 1953 Aen.
414 1915 516 1957 X1L315.

111 1965 156 2002 968.
183 1966 353 2018 Iuduperatores]
367 1965 396 2002 sic
408 1965 471 2003 etiam
482 1968 506 2014 V,
518 1966 574 2005 1226.
590 1964 649 2004 Conf.
662 1964 689 2002 ad
700 1966 716 2012 l,
727 1964 759 2004 83.

110 2016 155 2053 969.
184 2019 269 2067 degere]
285 2019 314 2055 sic
330 2030 402 2055 omnes
420 2018 485 2055 Codd.
503 2024 523 2053 et
534 2024 584 2055 vett.
597 2017 656 2054 editt.
670 2019 732 2063 (nam
743 2019 777 2054 de-

59 2081 129 2117 gerere
142 2066 163 2102 in
178 2068 243 2120 Lugd.
255 2072 274 2110 2.
290 2070 348 2108 varia
362 2069 425 2107 lectio
437 2068 511 2106 haberi
521 2069 618 2119 nequit‚]
633 2068 707 2119 quibus
717 2067 778 2106 Wak.

58 2124 117 2153 recte
128 2117 255 2169 obsequutus
265 2129 305 2166 est;
320 2122 384 2173 vulgo
398 2137 483 2170 cernere,
495 2134 506 2157 e
518 2120 629 2158 temeraria
641 2121 714 2157 Lamb.
726 2133 778 2156 con·

58 2168 145 2204 iectura·
158 2192 184 2197 -
198 2173 283 2224 bellum]
302 2174 359 2212 Bodl.
379 2175 477 2221 duellum,
498 2173 551 2209 Brix.
568 2174 616 2209 Ver.
631 2173 683 2211 Ven.
697 2173 777 2220 vellum,

58 2220 125 2270 Lugd.
136 2222 155 2258 2ι
166 2224 236 2262 uelum.

110 2273 155 2310 970·
181 2274 230 2312 Brit.
243 2278 262 2315 2.
277 2278 342 2315 verba
355 2277 386 2315 sic
402 2276 495 2313 ordinat:
514 2277 559 2314 Noa
574 2285 641 2314 autem
656 2278 694 2315 boc
709 2290 776 2328 agere,

59 2332 81 2359 et
91 2334 185 2380 naturam
195 2341 289 2376 quererere
298 2345 371 2368 rerum.

111 2375 155 2412 974.
184 2378 239 2425 dies]
255 2381 303 2419 urit.
314 2383 333 2419 2.
343 2382 444 2423 leunsinem
459 2378 553 2425 (scilicet
564 2377 638 2417 diesin
648 2386 700 2422 cies,
713 2383 776 2425 atque

59 2424 184 2474 hoc-spiritu
196 2432 286 2467 assumto
299 2432 319 2468 in
331 2437 387 2472 dotes
396 2431 498 2480 transiit.)
512 2453 538 2458 -
551 2431 636 2481 inultos]
652 2430 710 2468 Eodl.
726 2427 775 2465 Brit.

61 2478 79 2516 1·
93 2478 111 2517 2·
122 2479 141 2517 3·
154 2477 207 2518 ΒΥῙΧ-
218 2481 268 2524 Ver.
279 2485 330 2525 Ven.
339 2486 384 2523 Ald.
396 2486 414 2526 1.
425 2486 475 2523 Bon.
484 2485 566 2524 multat.

567 2539 593 2578 li
609 2538 622 2575 2
