1690 2654
87 70 137 118 530
309 69 589 115 Annorurtouus

141 183 186 223 879.
212 182 295 231 Mittit]
314 181 377 221 Godd.
398 182 499 222 Prisciani
515 182 571 234 apud
585 183 659 222 Krehl.
674 186 763 226 Emittit.
782 207 808 216 -

87 236 163 285 nodos]
178 233 240 273 Vind.
251 234 304 275 Brix.
317 236 365 273 Ver.
370 236 422 273 Van.
431 251 500 283 novos,
514 235 591 287 fragm.
602 235 663 274 Vind.
673 239 740 283 notor,
750 239 807 275 Cant.

86 289 143 327 Iunt.
153 302 227 334 venas,
242 286 298 337 quod
308 286 438 326 Wakefieldo
450 287 581 339 exquisitius,
593 295 614 326 et
624 288 651 326 ob
663 287 720 340 Virg‘.
732 290 782 327 Geo.
792 293 807 339 I,

87 341 120 380 91.
130 338 259 389 probabilius
275 338 369 388 videtur,
387 345 411 379 ut
428 339 537 392 vulgatum
550 343 613 389 nodos
627 353 667 392 pro
679 341 808 392 interpreta-

86 398 159 430 mento
169 390 244 429 haberi
253 390 324 442 possit.
761 398 763 401 ’

139 457 184 496 881.
212 458 306 510 stuppa]
320 454 351 494 sic
364 455 426 495 Wak.
442 468 491 495 cum
499 455 561 495 Vind.
574 454 650 508 fragm.
667 455 729 496 Vind.
743 456 807 497 Poor.

86 507 137 548 Brit.
147 511 165 548 1.
177 509 246 557 Cant,
265 507 339 559 quibus
351 507 404 559 adde
413 509 467 549 Brix.
478 511 526 547 Ver.
537 510 602 555 Ven.;
621 508 684 559 vulgo
696 513 767 559 Stupo.
782 531 805 538 —

87 561 149 611 iacit]
165 559 226 599 Vind.
239 563 304 609 iacet,
317 559 394 612 fragm.
409 560 468 599 Vind.
479 563 536 601 lacit.
549 581 575 590 -
588 563 687 612 flammas
697 560 758 599 Wak.
769 572 806 597 re-

86 612 154 651 stituit
165 625 190 651 ex
201 611 297 651 omnibus
306 611 375 661 libris3
394 613 457 665 vulgo
466 616 575 665 flammas,
594 619 618 650 ut
628 612 684 650 solae
692 615 747 651 lunt.
759 611 805 651 Ald.

86 666 105 705 2.
119 686 145 695 -
159 664 267 717 concepto]
281 663 330 703 Brit.
341 666 360 704 1.
371 676 483 716 conceptus.
573 665 575 668 ’

138 718 183 757 886-
211 715 341 769 consurgere]
356 716 404 754 Ver.
415 718 466 756 Ven.
478 726 604 769 consurgunt
614 718 649 755 ire.
662 715 735 754 Lamh.
747 728 806 754 com-

85 775 191 808 memorat
201 780 213 806 e
223 767 281 805 libris
295 767 376 819 Lugdd.
396 767 424 816 (i.
436 781 455 809 e.
468 768 526 809 editt.
538 767 675 819 Gryphianis)
691 767 806 808 lectionem

86 825 205 870 consistere,
223 832 276 871 quae
290 820 417 858 auctoritate
426 827 492 862 caret.
659 839 661 843 ·

139 886 184 926 838.
212 896 255 924 tom
268 884 329 936 viva]
349 884 410 926 Vind.
423 897 483 925 tanta
497 887 530 935 vi,
549 884 626 937 fragm.
636 884 739 926 Vindita
753 889 806 935 vita,

85 937 139 976 Brit.
152 941 170 977 1.
191 937 251 991 Cant.
268 948 310 976 tom
322 940 377 987 vita,
396 936 445 975 Brit.
457 939 477 978 3.
495 940 606 978 vistonta.
634 939 761 989 „Reponere
774 945 806 976 est

86 991 109 1028 in
119 994 231 1040 promptu:
246 991 293 1028 Non
302 992 324 1029 vi
335 1001 396 1029 tanta
405 1001 472 1031 tamen
485 1006 523 1028 -ι
541 1002 580 1028 nec
589 990 709 1038 invenuste,
723 990 760 1032 sed
768 1002 804 1028 re-

87 1048 147 1093 cepta
162 1041 306 1091 praeferem.“
333 1044 406 1081 Wak.

140 1095 185 1133 890.
211 1093 329 1143 conciliare]
348 1092 379 1131 sic
390 1104 463 1131 ornnes
473 1091 534 1143 libri,
552 1095 614 1139 (nam
627 1092 689 1132 Vind.
701 1093 803 1142 collatori,

86 1146 194 1197 vulgatam
207 1145 322 1193 exhibenti,
341 1145 393 1183 fides
409 1144 484 1182 haberi
496 1144 582 1196 nequit)
599 1144 674 1196 quibus
685 1152 744 1184 recte
755 1146 805 1184 obe-

87 1198 139 1235 divit
149 1197 223 1247 Wak„
241 1203 266 1234 ut
276 1198 384 1235 conciliare
395 1197 422 1234 sit
436 1201 458 1235 in
470 1199 577 1236 concilium
586 1200 673 1244 venire,
686 1201 752 1245 coire,
765 1210 804 1236 usu

85 1248 227 1295 intransitivo,
241 1247 420 1299 quemadmodum
433 1249 509 1298 passim
520 1255 591 1286 noster
602 1248 679 1296 soleat3
701 1262 764 1301 quam
775 1249 804 1287 si-

86 1300 242 1353 gnificationem
253 1301 335 1352 glossae
342 1306 429 1349 veteres,
443 1328 456 1347 „
463 1302 559 1347 Concilio,
573 1299 710 1351 evvedpetioe“
725 1302 805 1340 liaben-

86 1362 124 1403 tes,
139 1353 272 1394 confirment.
299 1351 367 1403 Vulgo
379 1354 492 1399 conciliari,
507 1365 531 1390 ex
544 1351 649 1391 editorum
660 1352 755 1392 arbitrio.

138 1419 183 1458 891.
210 1416 271 1466 indu]
293 1415 323 1453 sic
339 1415 400 1455 Walt.
420 1414 495 1471 edidit,
518 1429 583 1467 quum
604 1417 653 1455 libri
668 1418 714 1456 fere
731 1430 803 1457 omnes

86 1471 202 1521 praebeant
214 1471 261 1508 inde
266 1484 273 1512 ;
285 1469 346 1508 Poor.
360 1472 388 1514 in,
403 1466 451 1505 Cod.
465 1469 549 1508 Momm.
560 1469 656 1508 Lambini
668 1476 689 1507 et
700 1471 756 1508 Gant.
767 1486 802 1509 en-

87 1526 125 1569 do,
145 1529 169 1558 ut
187 1520 250 1572 vulgo
265 1519 339 1558 editur.
360 1519 418 1569 (Vid.
430 1519 487 1567 adl,
502 1521 548 1569 83.)
564 1541 588 1549 -
601 1521 758 1571 AradiuVossii
772 1529 803 1560 est

87 1573 218 1621 coniectura,
233 1584 297 1623 quam
307 1571 346 1622 ipsi
357 1570 498 1622 suppeditavit
514 1572 592 1610 lemma
603 1573 653 1610 God.
664 1573 730 1625 Lugd.
751 1579 803 1618 „De

81 1628 144 1679 some
155 1627 222 1665 Aradi
234 1629 255 1663 in
264 1625 341 1670 mare‚“
355 1629 502 1672 comparatum
512 1636 561 1661 curn
574 1625 640 1663 Strab.
650 1627 704 1664 XVl.
716 1638 736 1676 p.
749 1624 802 1672 754.

87 1684 108 1715 et
116 1689 181 1727 quam
194 1689 242 1713 cum
256 1678 306 1716 flav.
315 1675 376 1721 Wak,
389 1681 410 1713 et
421 1674 495 1713 Eichst.
507 1675 648 1726 recipiendam
659 1676 714 1716 duxi.
741 1677 801 1716 Wak.

86 1736 158 1766 tamen
174 1727 238 1765 edidit
253 1738 284 1766 est
298 1729 388 1774 Aradio,
407 1732 430 1763 ut
444 1725 567 1775 depravatae
584 1728 701 1778 scripturae
714 1730 803 1781 vestigia

86 1780 162 1819 melius
173 1778 344 1829 exprimerentur.
372 1777 429 1816 Libri
440 1778 496 1816 enim
507 1778 559 1816 haec
572 1778 661 1818 habent:
673 1780 739 1832 Lugd.
752 1783 771 1821 1.
782 1783 801 1823 2.

86 1835 140 1872 mart
155 1842 238 1885 sperat,
259 1829 318 1868 Vind.
336 1829 384 1867 Brit.
396 1831 441 1869 1.3.
458 1830 510 1869 Brix,
527 1832 575 1870 Ver.
586 1833 637 1869 Ven.
653 1835 716 1870 maris
730 1844 800 1884 parat,

86 1881 227 1933 stagnitind.
234 1883 291 1922 Cant.
298 1880 343 1919 Ald.
350 1883 394 1921 Μ.
403 1881 454 1918 Bon.
466 1883 519 1919 qut.
530 1885 582 1921 muri
592 1886 664 1933 spirat.
679 1884 762 1921 Creeclr.
774 1885 801 1922 ob

87 1950 106 1975 v.
119 1936 163 1974 893.
175 1939 246 1983 putat,
264 1933 328 1970 verba
337 1935 387 1971 indu
395 1935 468 1971 inarie
483 1934 578 1984 margine
588 1934 706 1984 irrepsisse,
720 1948 801 1974 veram-

87 1984 802 2090 ttttttlttt.stitit?ttttt'tdtttlitttftttt..³ss

282 2066 288 2085 r
498 2061 506 2072 ³
635 2066 641 2085 ⁷

88 2089 196 2140 sequentia
210 2099 230 2127 et
240 2090 307 2127 salsas
317 2090 393 2126 circum
406 2102 428 2125 ce
439 2089 527 2126 dimovet
544 2091 609 2127 undas
621 2088 668 2126 eiici
681 2102 723 2127 non
735 2104 800 2142 posse,

89 2142 177 2192 quisque
192 2140 255 2178 videt.
284 2140 393 2187 (Ceterum
399 2137 432 2175 ‘de
442 2137 510 2176 Arado
524 2139 573 2186 illo,
591 2140 703 2178 Phoenices
716 2143 800 2192 oppido,

89 2192 175 2242 eiusque
185 2191 247 2229 rebus
264 2189 435 2228 memorabilibus
447 2190 503 2227 conf.
518 2190 631 2230 Tzschuclr.
644 2191 671 2229 ad
682 2193 764 2231 Melam
775 2198 800 2241 ll,

89 2246 109 2288 7,
119 2246 138 2283 6.
152 2243 212 2290 (Vol.
225 2245 258 2281 tu.
267 2246 289 2282 P.
300 2244 319 2281 2.
332 2255 353 2292 p.
365 2243 404 2282 632
415 2242 454 2288 ss.)
468 2248 489 2279 et
498 2244 595 2281 Mannert
609 2244 688 2295 Geogr.
704 2244 723 2285 d.
735 2247 769 2284 Gr.
780 2259 799 2285 u.

89 2297 149 2333 Rom.
163 2294 209 2349 Vol.
221 2296 255 2332 tu.
269 2296 291 2333 P.
303 2296 319 2333 l.
331 2306 352 2344 p.
364 2295 402 2333 398
414 2296 453 2341 ss.)

78 2380 86 2390 s
140 2358 184 2398 893.
208 2358 306 2410 praebet]
319 2357 386 2409 Lugd.
400 2360 417 2397 1.
432 2359 451 2396 2.
462 2356 522 2395 Vind.
532 2357 608 2410 fragm.
619 2358 680 2397 Vind.
690 2357 740 2398 Brit.
751 2363 769 2401 1.
781 2363 799 2402 3.

89 2409 142 2448 Brix.
158 2412 207 2448 Ver.
221 2410 271 2448 Ven.
287 2421 380 2461 praeter,
398 2408 444 2448 Ald.
457 2411 474 2448 1.
490 2411 539 2448 Bon.
554 2415 644 2463 perirem·
664 2425 728 2463 quare
739 2414 799 2452 Wak.

88 2462 215 2513 suspicatur:
228 2483 253 2489 —-
267 2473 385 2514 —praeter
396 2477 413 2502 r.
423 2477 454 2502 ae·
471 2463 556 2502 Utilitas
571 2464 683 2516 obportuna
696 2476 733 2505 est.
760 2465 800 2502 Sed
