1690 2654
86 118 139 165 428'
303 115 582 158 ANNOTATIONES

137 227 182 267 750.
209 228 256 264 item
267 227 357 280 quoqne]
372 226 405 264 Sic
417 227 517 272 etiamVl,
523 227 575 275 757..
585 224 706 277 pariterque
713 228 746 273 ΠΙ,
754 226 799 265 293.

86 282 110 329 V,
117 278 161 318 154.
173 284 194 314 et
203 279 236 324 Vi.
243 280 288 318 503.
301 283 363 317 eriam
374 295 458 331 quoqne.
474 279 528 325 (Vid.
540 280 603 315 etiam
613 291 675 328 supra
685 279 712 315 ad
721 277 800 326 neto.)

137 329 182 369 751.
210 332 260 379 tilii]
276 333 323 367 Ver.
335 333 386 370 Ven.
401 337 429 378 ti,
443 330 488 367 Ald.
500 332 518 368 1.
530 332 580 369 Bon.
594 332 649 370 lunt.
661 342 709 369 tum.

137 383 182 421 752·
210 382 289 432 poscis]
310 383 357 429 „sic
368 382 451 420 videtur
464 383 577 420 certissime
589 382 709 433 legendum,
725 393 801 431 quem-

85 433 114 473 vis
124 433 183 470 locus
196 435 223 470 sit
236 434 355 483 perplexior
364 441 407 472 tam
419 434 588 481 constructionis,
609 447 671 485 quani
682 434 800 471 verborum.

86 486 145 537 [Ald.
156 485 185 534 1.]
200 489 249 524 Bon.
261 486 305 523 Ald.
316 489 335 525 2.
350 487 524 526 emunitatem
538 502 620 538 poscet,
641 499 722 533 onmes,
738 497 801 522 omne

85 550 157 589 genus,
171 538 247 589 reliqui
263 538 311 575 lihri
320 545 406 584 veteres,
418 542 493 590 poesis.
507 559 531 566 -
544 541 574 575 De
584 551 620 575 suo
631 550 743 585 reposuere
754 537 801 573 edi-

84 596 142 627 tores
153 592 213 635 solis,
230 603 283 639 quae
295 603 345 639 vox,
359 597 432 639 utpote
445 590 532 627 minime
546 590 635 627 obnoxia
646 588 801 639 depravationi-

84 642 131 689 bus,
146 643 204 678 omni
215 641 362 691 probabilitate
373 642 498 678 destituitur.
526 645 600 677 sensus
612 648 681 678 autem
693 642 742 686 loci,
753 641 802 676 suh-

84 693 155 730 tiliore
166 692 248 729 dicendi
265 704 342 743 genere
353 691 469 737 involutus,
490 692 520 728 sic
530 704 551 727 se
566 693 641 729 hahet:
663 693 752 739 „Poscis
762 704 801 728 au-

84 751 136 790 tem,
150 757 188 781 cur
198 745 247 781 luna
259 751 338 780 terram
350 749 414 794 queat
426 742 568 781 obumbrare?
589 747 644 783 Tum
655 743 712 781 aliud
725 755 800 793 corpus

84 802 172 847 putetur
186 808 228 832 non
245 807 305 844 posse
324 796 382 832 idem
397 795 489 833 facere.“
523 796 603 845 Nempe
623 797 658 844 qui
676 795 759 832 dubitat
775 795 800 831 de

85 848 154 899 priore
166 859 196 894 re,
211 847 278 883 eidem
285 847 349 884 liceat
361 847 386 883 de
396 847 510 896 posteriore
522 859 605 897 quoque
616 848 721 885 dubitare:
735 859 801 897 quum

85 913 135 936 vero
145 899 212 948 priori
226 900 350 936 assenserint
361 898 467 949 plerique,
481 898 533 935 nihil
549 912 633 937 caussae
649 906 689 948 est,
704 911 769 950 quare
780 903 801 935 et

85 950 196 1001 posteriori
206 957 303 987 recusent
319 951 442 988 assentire.“
469 954 513 988 We
521 953 540 986 lc.

138 1003 182 1040 753.
208 1001 239 1049 ei]
260 1002 289 1038 sic
303 1002 364 1040 Wak.
380 1015 428 1039 cum
443 1002 502 1040 Vind.
519 1000 567 1041 Brit.
580 1003 598 1042 1.
614 1003 664 1041 23.
681 1001 734 1038 Brix.
751 1003 799 1039 Ver.

86 1054 138 1091 Ven.
149 1050 194 1092 ald.
207 1055 249 1092 1.2.
262 1056 323 1100 Bon.;
337 1056 397 1092 Poor.
410 1056 466 1093 Cant.
475 1057 530 1091 lunt.
540 1056 583 1093 eius
588 1070 594 1102 ;
608 1054 671 1105 vulgo
681 1056 714 1093 eii.
729 1052 800 1102 (Conf.

86 1117 148 1155 supra
160 1105 186 1140 ad
197 1118 215 1143 v.
225 1106 270 1144 285.
281 1111 301 1141 et
312 1108 369 1154 301.)

138 1157 183 1195 755·
210 1156 290 1205 eostam]
315 1158 380 1208 Lugd.
397 1158 413 1194 1.
428 1157 448 1194 2.
469 1156 531 1194 Vind.
548 1157 596 1194 Brit.
615 1160 632 1196 1.
648 1158 666 1195 2.
682 1157 701 1196 3,
718 1158 800 1200 eadem

86 1208 184 1258 „quodf‘
198 1207 258 1244 Wak.
271 1208 349 1257 inquit⁷
365 1208 400 1258 qui
409 1213 480 1244 tamen
490 1207 598 1258 vulgatam
608 1215 713 1258 praester-e
723 1213 799 1255 censet,

87 1261 194 1309 „tortasse
211 1259 263 1295 ferri
277 1266 372 1308 poterat:
393 1260 435 1296 Cur
448 1272 491 1295 non
507 1258 564 1296 alind
581 1273 655 1310 corpus
667 1267 752 1308 putetur
765 1259 801 1296 fa-

88 1324 135 1348 cere
152 1310 174 1346 id
186 1310 256 1348 echlem
267 1311 302 1349 viri
312 1327 348 1350 suo
361 1311 491 1360 tempore?“
505 1333 531 1338 -
541 1312 637 1364 putetur]
656 1311 708 1350 Brix.
719 1322 800 1365 putent,

86 1364 133 1400 Ver.
147 1362 198 1400 Ven.
208 1374 280 1414 putes,
293 1361 429 1401 Ald.1.ssou.
440 1373 539 1413 piscenius.

67 1446 72 1449 ,
137 1415 181 1452 760.
204 1414 285 1465 perire]
304 1413 388 1451 lletinui
403 1426 451 1450 cum
468 1414 541 1451 Eichst.
558 1414 665 1462 vulgarem
679 1414 799 1463 lectionem,

86 1478 148 1516 quarn
159 1466 260 1514 praeirent
272 1465 446 1505 orit.1.ttd.1.2.
459 1468 506 1502 Bon.
519 1467 572 1501 lunt.
593 1466 659 1502 Ceteri
669 1465 717 1503 libri
728 1478 800 1504 omues

82 1520 159 1570 periri,¹
174 1517 229 1554 unde
241 1516 300 1555 irak.
309 1517 361 1555 fecit
368 1519 443 1569 periri,
456 1517 469 1553 i.
482 1529 498 1555 e.
511 1516 585 1562 creari,
599 1517 624 1554 ad
636 1517 733 1556 Priscian.
746 1520 799 1566 Viti,

85 1573 104 1609 7.
116 1572 134 1616 ἓ·
146 1569 178 1607 33.
192 1571 222 1618 (p.
235 1570 280 1607 802.
293 1570 325 1618 P.)
341 1582 469 1620 provocans,
484 1575 505 1605 et
515 1569 580 1605 verha
595 1572 729 1622 interstingui
740 1581 800 1622 atque

82 1623 151 1674 periri
160 1622 227 1657 verbis
238 1620 302 1657 morlo
314 1620 440 1672 praegressis
454 1623 556 1659 dinzittere
567 1624 625 1672 ignes
635 1628 655 1657 et
665 1638 756 1661 recreare
766 1624 800 1659 lu-

86 1688 131 1710 men
141 1672 309 1710 manifestissime
324 1672 451 1723 respondere
464 1678 528 1710 ratus.
555 1673 634 1710 Tamen
646 1672 733 1724 vulgatis
745 1680 800 1711 stare

85 1723 149 1761 tutius
158 1723 276 1762 habuimus.
734 1750 736 1753 -

138 1776 182 1813 763.
210 1774 302 1824 umbras]
316 1776 377 1815 Poor.
390 1777 463 1826 undas,
476 1775 566 1813 fortasse
578 1788 589 1813 e
600 1775 656 1827 Virg.
664 1778 738 1827 Amul,
747 1774 799 1827 147,

85 1833 109 1865 ut
120 1826 179 1864 ttuk.
189 1833 267 1864 censet.
641 1871 643 1873 Ι

137 1879 182 1917 765.
210 1880 286 1930 supra]
306 1879 335 1917 sic
352 1878 412 1917 Wak.
430 1892 479 1916 cum
495 1878 556 1918 Vind.
572 1881 631 1917 Poor.
648 1878 697 1919 Brit.
714 1880 732 1918 1.
748 1881 766 1919 2.
778 1881 798 1919 3.

86 1930 145 1967 Cant.
156 1930 208 1968 Brin.
221 1933 267 1969 Ver.
281 1932 330 1969 Ven.
342 1932 397 1969 Iunt.
410 1936 431 1968 et
441 1931 524 1975 Ald.2.;
538 1931 602 1983 vulgo
612 1947 692 1984 supera.
707 1932 763 1980 (Vid.
773 1931 799 1969 ad

85 1980 154 2030 1’544·
169 1984 193 2028 V,
205 1985 235 2023 86.
247 1984 292 2022 327.
303 1981 348 2023 514.
359 1984 410 2030 etc.)
425 2004 449 2010 —
460 1984 573 2035 perlabier]
590 1984 638 2020 Brit.
649 1985 667 2022 2.
680 1985 798 2036 perlabitur.

137 2035 181 2072 767.
203 2036 290 2086 fulget]
309 2035 339 2071 sic
354 2034 415 2071 Walr.
432 2047 480 2072 cum
501 2035 596 2072 omnihus
616 2034 692 2082 Codri,
714 2042 800 2083 praeter

85 2095 160 2133 unum,
174 2087 296 2136 cunctisque
308 2086 367 2125 editt.
377 2092 427 2125 vett.
446 2086 496 2134 (etsi
508 2087 593 2124 Gerard.
605 2087 659 2124 hanc
674 2088 799 2125 varietatem

85 2148 172 2227 ΡῑοτὲυεῙ
185 2137 287 2176 intactam
303 2138 410 2189 reliquit.)
435 2138 536 2189 Vulgares
549 2139 605 2176 editt.
610 2138 681 2192 fulgit
686 2170 692 2187 ‚
705 2146 728 2176 ut
743 2140 799 2177 solus

85 2191 116 2227 Lu
147 2220 149 2224 .
176 2217 181 2226 .

118 2201 181 2278 gTCS.
210 2242 274 2291 Quor]
290 2240 390 2280 sicWak.
402 2253 451 2279 curn
462 2240 510 2279 Brit.
522 2243 541 2280 2.
566 2241 637 2292 (Conf.
651 2241 759 2290 ad1‚175.
772 2243 798 2292 V,

85 2292 130 2330 221.
142 2292 187 2330 327.
198 2300 218 2329 et
228 2294 298 2341 alibi.)
319 2294 387 2345 Vulgo
398 2298 443 2332 Cur.
456 2314 480 2323 -
495 2297 564 2341 certa]
579 2295 635 2334 Bodl.
646 2295 707 2335 Poor.
720 2295 769 2334 Brit.
778 2296 798 2334 2⁴.

85 2343 197 2389 BrixRVer.
211 2348 261 2383 ren.
274 2357 335 2384 terro.
641 2363 644 2367 ⁴

136 2396 181 2434 759.
209 2397 303 2446 iminica]
324 2397 373 2435 Brit.
383 2398 403 2436 2.
415 2404 424 2436 ῖ
436 2400 521 2437 minuto.
535 2419 561 2424 -
573 2413 610 2450 per
621 2396 676 2447 exit]
692 2396 721 2434 sic
732 2396 798 2448 Lugd.

85 2448 103 2487 1.
114 2449 133 2486 2.
145 2449 205 2485 Poor.
216 2448 263 2484 urit.
272 2450 291 2486 2.
301 2450 320 2486 3.
333 2451 393 2489 Cant.
404 2449 460 2487 Brix.
473 2449 517 2487 Ald.
528 2451 545 2488 1.
557 2451 576 2488 2.
587 2453 636 2487 Bon.
648 2452 708 2496 lunt,
724 2449 798 2499 quihus

84 2500 137 2538 Har.
152 2505 173 2537 et
189 2499 249 2540 irak.
266 2500 452 2552 obtemperarunt5.
471 2513 511 2539 nec
526 2500 586 2540 valde
605 2501 723 2551 discrepant
740 2500 798 2540 Bodl.
822 2500 830 2513 ³
