1690 2654
236 77 277 118 An
295 75 435 116 LIBRUM
456 74 604 117 SEXTUM.
723 71 773 119 555

1 201 3 204 ’
54 196 75 230 et
89 187 207 227 hominibus
222 186 256 224 vel
268 185 382 237 praecipua
392 183 490 236 agilitatis
504 197 573 222 causa.
600 184 700 224 Similiter
712 183 771 225 ovid.

53 245 106 283 Fast.
116 243 150 287 ΙΙΙ,
162 240 206 279 707.
220 243 288 278 Morte
298 241 366 277 iacent
377 238 470 276 merita·“
489 240 561 278 Walt.
788 248 794 251 ‘

105 307 162 345 1196.
189 305 299 352 ,‚Octouo]
318 302 379 343 Vind.
390 302 438 341 Brit.
450 304 468 342 1.
479 304 498 343 3.
511 303 568 340 Cant.
578 302 627 340 Ver.
640 302 692 341 Ven.
706 307 771 342 Octa-

53 375 92 403 Μ,-
112 357 145 396 cui
158 363 246 408 peccato
262 355 370 407 sequentia
384 370 439 395 nono
457 356 550 407 lampade
568 354 670 405 originem
688 354 771 396 dedere.

53 410 147 451 Facilitas
159 415 229 446 autem
246 407 309 446 metri
320 407 402 446 videtur
412 406 467 443 hanc
482 407 606 452 varietatem
618 407 674 444 vocis
686 413 771 454 Octavo,

54 463 111 513 quod
121 459 198 507 miror,
217 463 291 511 poetae
307 459 423 509 peperisse3
442 471 492 495 nam
503 459 532 495 sio
545 459 606 496 aliter
619 471 665 496 rem
678 459 771 508 exposuit

53 516 118 555 Thuc.
132 513 163 562 [c-
172 513 215 562 49.]
231 508 282 553 cloes
293 507 306 562 ἢ
318 512 466 561 διεφθείροντο
478 510 602 551 οἱπλεῖστοι
615 507 723 551 devorator
734 510 771 552 καὶ

1 597 3 599 ·
53 566 196 618 ἑβδομαῖοι
208 561 251 605 ὑπὸ
264 566 303 604 τοῦ
314 562 372 609 ἐντὸς
384 561 515 613 καύματος.“
530 566 602 603 Wols.

103 631 160 670 1199.
189 631 305 669 Visceribus
313 628 375 668 Wak.
385 628 476 668 restituit
487 641 511 666 ex
520 628 617 666 omnibus
626 626 692 676 libris,
700 639 770 679 quern,

52 690 76 721 ut
85 696 123 732 par
136 688 191 729 erat,
205 682 294 719 seriores
305 682 394 718 editores
406 693 478 718 omnes
487 681 569 731 sequuti
581 686 641 724 sunt3
654 680 717 730 vulgo
733 683 771 719 Ul-

53 735 138 780 ceribus,
159 746 170 771 e
181 745 236 770 vana
245 733 342 770 Lambini
353 734 476 770 mutatione.
490 756 516 761 —
529 732 602 785 nigro]
617 731 678 769 Vind.
690 733 738 770 Brit.
751 734 769 772 1.

52 788 71 828 3,
81 786 133 826 Brix.
142 786 189 824 Ver.
200 785 252 823 Ven.
263 788 341 838 nigris;
361 797 425 836 quare
436 783 505 832 Walt„
520 785 547 822 ad
561 785 645 822 Celsum
654 786 679 833 ΙΙ,
690 786 709 825 8.
721 796 770 835 pro·

10 850 12 852 ·
51 850 134 887 vocans,
148 836 202 875 coni.
214 841 276 887 nigri,
292 837 336 877 scil.
348 840 397 883 eloi,
413 850 477 888 quam
487 843 560 874 tanton
569 849 644 874 vocem
656 836 770 888 antiquitus

51 890 132 941 generis
142 888 252 926 masculini
264 888 340 936 inisse,
356 900 367 925 e
382 889 473 926 Charisio
482 903 503 938 p.
514 892 546 929 61.
563 895 584 927 et
598 887 702 926 Prisciano
713 892 738 937 V,
751 891 769 929 6.

51 947 69 986 §-
82 943 113 982 33.
125 942 152 991 (p-
164 937 218 989 654.)
237 947 258 979 et
268 943 301 990 Vl,
314 943 346 981 16.
360 942 377 991 ᾗ.
387 940 418 981 84.
430 942 460 991 (p.
472 942 517 982 718.
528 943 557 988 P.)
573 940 664 991 probare
673 940 770 992 neglexit.

2 1003 6 1037 j
52 994 123 1041 (Conf.
137 992 292 1032 Ruddim.lnst.
311 994 349 1031 Gr.
359 997 373 1031 Ῑ.
389 1007 409 1043 p.
419 996 452 1034 28.
469 1001 513 1032 not.
525 991 570 1041 46.)
589 992 684 1043 Vulgaris
699 999 770 1030 tamen

50 1051 151 1096 praestat,
174 1050 195 1082 et
210 1048 277 1098 nigris
286 1045 390 1095 prioribus
402 1045 470 1083 ve'rhis
484 1045 670 1084 accommodatum
680 1045 768 1083 videtur.

51 1098 119 1138 Verba
126 1100 220 1148 proluvie
232 1099 276 1136 ului
289 1097 365 1135 absunt
375 1111 387 1135 a
397 1099 446 1135 Brit.
457 1100 476 1137 1.

103 1151 160 1189 tuot.
187 1149 275 1198 multus]
291 1149 355 1188 Bentl.
367 1150 421 1188 coni.
431 1152 507 1198 murico,
521 1148 565 1187 sine
577 1161 646 1190 causa.

102 1202 159 1240 1202.
186 1200 283 1252 expleris]
301 1200 331 1240 sic
341 1201 401 1240 Wak.
418 1201 509 1241 restituit
522 1214 546 1240 ex
560 1201 619 1240 Bodl.
635 1202 696 1240 Poor.
708 1199 770 1244 Vind.

49 1252 123 1304 fragm.
133 1252 192 1292 Vind.
208 1252 257 1291 Brit.
270 1256 288 1292 1.
298 1254 317 1293 3.
332 1256 389 1291 Cant.
407 1259 428 1291 et
437 1255 533 1292 omnibus
549 1260 598 1292 vett.
610 1253 668 1293 editt.
688 1256 713 1302 (a
724 1254 770 1305 qui-

49 1305 87 1343 hus
97 1304 151 1342 solos
167 1305 231 1343 Codd.
240 1305 320 1356 Lugdd.
333 1306 431 1354 differre,
448 1319 472 1343 ex
484 1305 623 1356 Havercampi
640 1305 721 1342 silentio
736 1306 769 1344 vix

50 1357 175 1395 concludere
185 1356 259 1405 licet);
279 1370 342 1407 quem
353 1371 402 1396 cum
412 1358 488 1398 Eichst.
499 1365 520 1397 et
533 1357 594 1396 Orell.
604 1364 704 1408 sequutus
714 1370 768 1398 sum.

48 1408 197 1461 EraNobbius
209 1421 256 1448 cum
263 1409 320 1461 vulg.
331 1409 389 1452 editt.
397 1413 503 1466 expleris,
513 1410 570 1463 quod
581 1422 605 1449 er
616 1409 701 1462 ingenio
706 1411 769 1449 Lam-

48 1459 92 1498 bini
103 1461 188 1499 fluxisse
197 1461 285 1499 videtur.

101 1527 157 1565 1203.
184 1526 243 1575 Huc]
266 1526 344 1576 Faber,
364 1526 399 1565 cui
420 1528 530 1566 assentitur
545 1523 686 1579 Bentl.,-legi
700 1512 777 1565 voluit¹

47 1580 99 1616 Hoc.
112 1600 138 1605 —
152 1577 275 1632 corpusque]
293 1578 349 1617 idem
361 1580 442 1629 Bentl,
456 1581 515 1618 Ennii
526 1582 558 1631 (p.
570 1582 614 1620 123.
630 1581 702 1628 Hess.)v
718 1591 767 1617 ver-

48 1641 94 1666 sum
104 1629 202 1669 laudans:
225 1633 285 1671 Vires
297 1634 381 1684 viteque
394 1648 466 1685 corpus
478 1650 542 1673 meum
554 1645 602 1672 tuuc
616 1635 693 1672 deserit
703 1647 766 1680 omne,

48 1681 138 1720 coniecit
153 1695 174 1722 ec
187 1686 243 1732 cita,
265 1682 313 1734 quia
330 1697 373 1722 non
390 1695 454 1724 totum
468 1701 540 1739 corpus
552 1685 636 1724 fluxerit
650 1697 689 1737 per
699 1697 766 1724 nares.
832 1722 834 1725 ,

47 1734 112 1793 Recte
127 1742 198 1772 autem
208 1734 268 1774 Walt.
283 1735 355 1783 docet,
375 1740 429 1776 eires
443 1754 554 1792 corpusque
565 1751 603 1790 per
617 1736 641 1779 ἓν
657 1735 693 1778 διὰ
706 1739 767 1778 δυοῖν

15 1793 18 1795 ’
47 1792 138 1837 positum
150 1800 193 1825 esse
204 1800 241 1837 pro
252 1789 328 1827 uiribus
340 1793 437 1841 corporis.

98 1836 155 1878 1204.
183 1844 219 1891 qui
229 1839 289 1890 tetri]
306 1841 367 1878 Poor.
379 1842 435 1878 Cant.
445 1840 491 1880 ΑΜ.
503 1843 520 1881 1.
534 1843 553 1882 2.
567 1844 617 1881 Bon.
626 1843 680 1883 lunt.
691 1844 724 1882 cui
734 1853 766 1881 te-

1 1902 2 1905 *
47 1892 86 1937 tri,
106 1891 172 1942 Lugd.
184 1893 232 1931 1:52.
244 1896 277 1931 cui
286 1895 356 1941 tetris,
373 1893 422 1933 Brit.
432 1895 451 1933 3.
465 1895 512 1932 Ver.
522 1895 574 1935 Ven.
589 1895 694 1942 vulterris,
713 1893 766 1934 Brix.

47 1942 113 2031 cupae
123 1947 171 1993 tris,
189 1943 265 1996 fragm.
279 1943 340 1985 Vind.
350 1947 405 1984 culco
416 1948 477 1993 stris,
498 1945 561 1984 Vind.
573 1948 629 1986 culto
640 1958 672 1997 et,
685 1946 734 1985 Brit.
745 1949 764 1987 t.

47 2005 110 2032 cute.
359 2012 362 2013 ⁷

98 2047 155 2086 1205.
182 2049 229 2087 duic
241 2048 303 2088 Vind.
314 2048 364 2087 Brit.
377 2052 395 2089 1.
407 2051 427 2089 3.
439 2048 491 2087 Bru.
502 2051 550 2087 Ver.
561 2052 613 2090 Ven.
624 2051 678 2090 hinc.

98 2100 154 2137 1209.
182 2102 297 2151 nonnullo]
312 2114 365 2139 unus
376 2101 435 2142 Wak.
448 2114 497 2140 cum
508 2103 567 2140 Poor.
579 2103 636 2141 Cant.
648 2101 704 2146 Brix.
714 2103 764 2142 Ver.

46 2146 97 2186 Ven.
109 2149 191 2189 divisim
203 2152 285 2202 scripsit
297 2169 337 2194 non
348 2156 417 2193 cullei.

98 2215 153 2254 1211.
180 2216 236 2266 deis]
255 2218 320 2269 Lugd.
335 2220 353 2259 1.
364 2219 412 2260 Brit.
424 2221 442 2260 1.
458 2220 505 2259 Ver.
517 2218 568 2259 Ven.
582 2218 628 2258 Ald.
639 2222 657 2261 1.
668 2222 718 2260 Bon.
730 2222 763 2267 iis,

47 2260 103 2301 Cant.
115 2269 138 2306 is.
152 2289 177 2297 —
191 2272 317 2320 incusserat,
331 2271 345 2311 i.
358 2284 375 2311 e.
390 2284 411 2309 se
421 2272 549 2318 incusserat,
564 2272 597 2309 vel
607 2272 701 2311 incussus
712 2279 763 2320 erat,

46 2312 247 2376 absolutelpositum,
261 2329 285 2359 ut
295 2323 351 2373 apud
361 2331 457 2363 nostrum
468 2323 594 2374 saepissime.
622 2325 679 2373 (Vid.
693 2325 719 2362 ad
728 2325 761 2373 Vl,

45 2365 92 2425 5952
98 2369 105 2414 )
126 2372 159 2409 Sic
170 2379 246 2422 autern,
259 2375 367 2414 Gronovio
379 2377 470 2424 cussit,
482 2378 502 2418 7,
513 2377 620 2427 suadente,
634 2380 683 2417 Hav.
698 2375 763 2425 eplu-

45 2428 102 2455 rinus
113 2420 171 2482 libris
182 2425 286 2471 restituit,
300 2441 424 2479 comparans
435 2434 453 2479 1,
464 2431 496 2469 ΞΟ,
508 2431 553 2470 923.
568 2433 606 2479 VI,
616 2431 661 2470 593.
674 2434 694 2466 et
705 2428 762 2473 7734

43 2481 108 2531 ¹quern
119 2485 206 2515 seriores
219 2490 291 2519 omnes
302 2482 386 2533 sequuti
395 2489 450 2523 sunt.
468 2482 537 2533 Vulgo
550 2485 667 2528 incesserat,
680 2492 691 2518 e
702 2481 763 2518 Lam-

520 2540 606 2581 Aao2
