1690 2654
47 112 49 114 .
73 86 122 145 226
290 84 569 128 ANNOMTIONAES
594 81 598 84 ”

74 203 118 236 tato
131 206 194 247 genus
205 193 320 240 deducere,
332 194 389 232 clare
404 194 540 235 demonstrat.
568 196 607 233 Has
621 195 708 235 lacunas
718 204 790 236 autem

72 248 96 287 in
105 248 148 285 eliis
158 248 209 284 Mss.
224 245 281 284 varie
298 246 415 297 suppletas,
438 253 539 299 magnam
555 246 651 285 lectionis
665 248 790 287 varietatem

72 310 192 349 procreasse
209 310 253 335 non
268 296 346 335 mirum
365 304 407 348 est,
431 311 494 349 quam
510 298 614 350 integram
628 298 663 337 hic
678 301 789 337 recensere

71 350 159 401 longum
167 354 222 387 esset
232 355 252 387 et
267 349 404 401 superfluum.
433 352 479 402 Hoc
491 363 557 389 unum
570 350 661 389 sufficiat
676 351 788 401 monuisse,

70 414 91 441 v.
101 402 158 441 1067.
173 400 230 440 editt.
239 403 289 439 Bon.
303 401 348 439 Ald.
358 403 377 442 1.
387 404 406 443 2.
419 406 473 442 Iunt.
485 414 524 452 pro
531 404 620 455 finxerit
629 402 730 453 praehere
741 417 789 457 par-

70 457 136 499 turit,
150 465 174 490 ex
184 452 385 504 interpretamento,
399 460 423 491 ut
433 454 524 494 videtur.

123 506 182 545 1068.
207 507 315 557 Amplexei
324 505 410 556 tabent]
424 502 583 557 ,msoclullo'vcsg
597 504 677 555 ἕχονσιε
691 511 740 544 nam
750 518 788 556 pu-

69 568 105 595 rus
114 562 177 607 putus
184 563 215 594 est
221 555 359 604 Graecisms,
373 559 408 595 cui
417 558 526 609 geminum
536 564 558 595 et
567 557 703 596 semillimum
715 571 739 596 en
748 560 788 596 La-.

69 608 182 652 tinis‘rnihi
192 620 235 646 non
248 615 278 646 est
288 608 314 646 ad
325 609 421 646 manus.“
447 612 479 648 W
481 612 519 649 alc.
545 609 621 657 Miror,
637 610 698 649 Wak.
709 610 788 661 fugisse

69 659 133 709 ipsius
145 660 238 698 Lucretii
250 661 321 697 locum
336 661 370 704 VI,
384 662 429 698 900.
448 662 524 699 halent
538 672 628 699 tenentes
641 674 684 712 pro¹
692 661 788 712 ⁴simplici

69 722 145 750 tenent.
156 733 183 739 -
193 714 262 762 prima
275 710 330 759 vict]
349 710 390 748 vid.
400 710 428 749 ad
437 711 460 760 1,
474 712 516 759 871,
530 711 566 748 ubi
581 711 658 749 addere
672 714 787 763 potuissem

69 762 147 800 Sanctii
159 762 209 801 Mirr
220 763 256 809 IV,
270 759 289 800 4.
304 773 323 811 p.
338 762 383 800 610.

120 814 178 852 1072.
204 816 286 851 ratione
301 812 394 863 recepie
408 811 474 850 Codd.
487 811 550 853 Vind.
563 814 623 851 Poor.
639 812 690 854 Brit.
704 815 723 853 t.
735 815 754 854 2.
766 815 786 854 3.

69 864 129 914 Cant.
140 863 234 901 eteditt.
246 863 299 901 Brix.
312 865 360 903 Ver.
371 865 423 903 Ven.
434 866 489 901 lunt.
502 864 548 900 Ald.
563 866 582 905 2.
611 866 681 903 Ceteri
691 865 747 913 libri,
755 869 787 902 'ut
811 893 812 896 η

50 958 52 961 v
67 916 132 968 vulgo
150 914 229 962 editur,
246 918 339 967 regium
362 915 398 953 sed
411 915 507 966 plurimis
522 915 581 953 libris
597 916 786 966 obtemperandum

68 979 112 1005 esse
122 966 193 1005 censui
200 967 222 1004 in
233 967 324 1005 lectione
333 966 408 1017 etipsa
419 967 523 1017 optimum
534 979 618 1005 sensum
627 968 741 1019 praebente
752 969 785 1016 (ut

67 1018 110 1056 iam
119 1021 147 1057 W
147 1022 179 1057 ak.
191 1021 279 1065 censet,)
290 1017 400 1069 verbisque
411 1018 583 1069 praecedentibus
596 1021 635 1057 hec
641 1022 712 1071 potius
723 1033 785 1058 cautu

66 1070 141 1109 melius
151 1070 298 1118 respondente.
324 1068 358 1106 Sic
373 1070 474 1107 nimirum
487 1070 560 1107 locum
569 1070 676 1120 intelligo:
699 1069 784 1107 Etiamsi

67 1121 162 1160 medium
173 1120 257 1172 aliquod
268 1126 326 1168 esset,
341 1122 365 1158 en
377 1121 416 1159 hac
427 1127 498 1158 tamen
508 1133 570 1158 causa
579 1132 622 1158 non
632 1120 707 1173 magis,
721 1133 785 1171 qnam

68 1185 93 1211 ex
101 1173 145 1211 ulla
158 1173 200 1210 alia
212 1173 275 1224 longe
292 1172 372 1209 diversa
388 1178 408 1209 et
423 1172 490 1209 aliena
505 1178 639 1223 sequeretur,
652 1173 674 1210 in
688 1172 725 1210 illo
735 1172 783 1210 loco

67 1224 147 1276 aliquid
157 1237 217 1274 posse
227 1224 346 1265 consistere.
365 1225 464 1262 Ceterum
472 1236 533 1261 voces
543 1228 596 1261 racio
603 1230 630 1259 et
639 1227 696 1276 regio
707 1224 785 1272 saepis-

66 1276 119 1313 sime
129 1289 142 1314 a
150 1275 240 1314 librariis
253 1276 350 1313 confusas
361 1287 403 1313 esse
415 1280 502 1313 constat.
516 1280 523 1316 (
530 1275 591 1323 Cous.
603 1273 662 1311 irat.
675 1274 701 1312 ad
710 1275 726 1321 I,
737 1262 783 1315 9572

66 1327 125 1366 1040·
136 1328 175 1374 IV,
189 1327 234 1366 517.
252 1327 322 1365 Gifan.
337 1326 359 1363 in
375 1326 462 1364 Collect.
472 1325 498 1363 ad
512 1327 574 1365 Lucr.
594 1337 610 1365 e.
626 1337 644 1363 v.
660 1325 781 1377 Proverbia,

64 1379 169 1418 Drakenb.
181 1379 207 1416 ad
216 1379 259 1418 Liv.
269 1379 359 1427 XXXII,
372 1379 402 1416 18.
413 1379 431 1427 §.
442 1380 461 1417 2.
474 1377 567 1427 aliique.)

79 1491 81 1493 Ι
117 1441 174 1482 1074.
190 1445 271 1488 -Quum
287 1453 366 1496 oportet
382 1454 395 1478 a
412 1441 478 1480 Codd.
491 1440 552 1478 Vind.
565 1442 625 1479 Poor.
636 1439 685 1479 Brit.
701 1442 719 1479 1.
730 1442 749 1481 2.
761 1443 781 1481 3.

65 1494 95 1546 [et
106 1494 163 1539 edin,
179 1494 231 1533 Brix.
243 1495 291 1535 Ver,
306 1493 371 1543 Ven.]
384 1493 438 1531 absit
452 1491 657 1541 (vid.adv.1067.),
670 1492 692 1529 in
706 1492 782 1532 iisdem

63 1558 113 1584 vero
125 1546 184 1583 libris
195 1546 274 1596 pariter
284 1552 347 1597 atque
356 1546 379 1583 in
384 1544 451 1596 Lugd.
461 1543 541 1584 Laodi.
555 1544 615 1582 Cant.
627 1544 657 1592 [et
666 1542 723 1581 editt.
751 1544 781 1586 ld.

64 1600 83 1638 1.
94 1598 156 1647 Bon]
168 1601 275 1637 concedere
284 1598 378 1649 legatur,
392 1596 453 1635 Walr.
468 1596 585 1648 suspicatur
606 1606 677 1631 veram
692 1595 783 1644 scriptu.

63 1661 111 1688 ram
122 1649 186 1687 fuisse
196 1652 303 1692 concedere
316 1651 384 1696 dedet,
404 1660 468 1697 quam
478 1647 621 1684 coniecturam
634 1658 683 1683 sane
698 1647 782 1694 specio-

63 1700 166 1739 sissimam
175 1706 288 1750 propterea
297 1700 320 1737 in
330 1705 450 1737 contextum
459 1698 541 1746 recepi,
563 1696 620 1746 quod
631 1702 670 1734 vo'x
681 1698 751 1735 debere
759 1696 781 1735 in

63 1752 166 1798 sexcentis
177 1751 279 1788 eiusmodi
289 1750 340 1788 Iocis
352 1763 364 1787 a
375 1749 472 1788 Lucretio
488 1753 606 1799 usurpatur,
624 1753 721 1799 oportere
730 1760 780 1788 tero

62 1810 149 1856 praeter
158 1805 175 1849 I,
182 1804 228 1843 778.
242 1815 347 1853 nusquam
358 1807 451 1852 apparet.

7 1863 431 1917 ‘.mmwmfflm

115 1933 173 1971 1081.
200 1934 222 1970 ic
232 1931 354 1978 concilium]
367 1930 397 1967 sic
404 1929 464 1968 Wak.
474 1928 599 1979 restituitor
608 1926 704 1974 omnihus
712 1939 779 1966 mem-

62 1982 133 2022 branis
150 1988 170 2020 et
181 1988 229 2021 vett.
245 1982 303 2019 editt.
317 1987 401 2031 praeter
417 1983 512 2029 lenter
524 1978 569 2019 Ald.
580 1981 599 2019 2.
606 2008 613 2029 ‚
635 1991 686 2028 quae
698 1979 779 2030 primae
813 2026 815 2029 .

63 2035 170 2085 vulgatam
191 2033 306 2071 lectionem
328 2034 430 2084 praebent
454 2036 475 2073 in
498 2033 591 2072 concilio.
631 2029 694 2079 <Vide
716 2044 779 2084 supra

63 2086 90 2124 ad
101 2099 123 2124 r.
138 2085 196 2133 889.)
249 2122 259 2140 s

36 2137 780 2201 .·mmmfflmmmmmmffimsa

63 2201 132 2246 Cant,
146 2199 243 2249 aquibus
254 2200 370 2251 paullulum
382 2199 446 2238 modo
456 2198 557 2237 recedunt
567 2198 632 2248 Lugd.
644 2200 662 2237 l.
673 2200 700 2246 2.,
714 2200 779 2251 liquo-

61 2260 94 2292 res
112 2250 247 2302 praebentes,
265 2251 322 2302 quod
334 2251 395 2292 Wak.
407 2257 432 2288 ut
447 2251 515 2288 minus
530 2247 616 2300 vulgare
632 2255 652 2287 et
664 2250 778 2301 elegantius

61 2303 152 2353 recepit,
171 2314 244 2339 vereor
259 2315 286 2339 an
298 2309 363 2340 recte.
397 2305 521 2340 Ceterorum
538 2313 589 2337 vero
607 2300 671 2352 Codd.
689 2309 709 2339 et
727 2307 778 2344 vett.

62 2355 120 2394 editt.
136 2353 200 2391 lectio
216 2355 327 2405 liquorum,
348 2367 412 2404 quam
428 2360 511 2391 tanturn
527 2353 661 2402 praecedenti
676 2364 777 2392 terrarum

61 2404 244 2446 accommodatam
253 2405 327 2454 haheo,
341 2406 387 2455 ipsa
398 2418 457 2443 meae
467 2402 554 2443 lectioni
565 2404 630 2457 magis
641 2404 704 2451 favet,
723 2417 777 2455 quae

60 2472 104 2499 non
112 2459 182 2497 minus
191 2469 216 2496 eo
225 2455 391 2509 commendatur,
406 2457 462 2509 quod
471 2456 578 2495 Lucretius
582 2486 589 2510 7
606 2450 725 2509 saepissime
735 2455 777 2496 hoc
