1690 2654
223 98 265 138 Au
281 97 418 140 LIBRUM
435 55 614 150 euterun.
735 98 783 143 373

61 205 108 244 cula
122 207 226 259 sequentis
238 220 339 258 prorsuS,
358 212 383 246 ut
396 207 459 259 vulgo
475 207 564 260 legitur,
582 222 631 248 cum
646 208 683 248 illo
699 209 782 262 Virgilii

61 266 208 309 comparatum
219 260 287 298 effert.
643 286 646 288 ·

112 313 157 351 909.
185 328 244 351 cirros
259 314 284 361 e]
300 316 357 351 Cani.
373 327 423 351 cura
439 327 471 359 se,
484 311 538 352 Brix.
554 328 654 360 curasse,
669 315 716 352 Ver.
728 318 781 354 Ven.

60 367 121 401 curui
132 380 160 403 se.
188 365 222 401 Sic
240 364 347 414 corruptio
358 365 471 413 proces-siu
486 377 550 414 quare
561 379 604 403 non
617 378 667 414 opus
679 373 709 404 est
719 367 779 407 Wak.

60 414 194 452 conlectura:
210 432 270 453 curae
280 431 301 454 se
309 427 391 467 pectore
401 417 489 461 solvant.

110 479 156 518 915.
183 479 287 527 discedas]
303 479 332 515 Pii
342 479 408 516 Codd.
419 478 511 529 quidem,
527 480 664 519 Brittium.
677 488 698 519 et
708 482 779 524 Alte.

58 531 176 577 discedant,
190 529 243 566 Brix.
255 532 367 569 discedens.
395 533 482 567 Sensum
492 530 541 574 loci,
555 544 581 568 ne
591 538 696 570 structura
705 535 780 573 verho-

58 594 107 619 rum
120 580 241 632 impeditior
255 581 361 629 videatur,
375 581 436 620 Wak.
449 583 479 619 sic
491 583 585 632 exponit:
600 586 642 630 „Et
653 591 674 622 te
684 598 779 638 segreges

58 646 71 670 a
87 646 134 680 ine,
153 640 270 670 retrorsum
286 632 373 682 cedens,
388 647 437 671 cum
453 641 540 685 pectore
557 636 666 674 veritatem
682 650 779 676 meorum

58 684 164 723 dictorum
174 692 275 723 aversato.
284 686 298 709 “
445 700 447 702 ·

110 739 154 778 916.
182 736 303 790 neque]‘ita
317 735 378 773 ‘Vale
394 748 442 773 cum
457 736 522 787 Lngd.
535 739 553 777 1.
572 737 629 776 Bodl.
642 740 703 779 Vind.
716 741 778 782 Poor.

5 824 7 827 ,
56 789 106 825 Brit.
119 791 137 827 1.
147 792 166 828 2.
177 790 195 828 3.
208 796 227 825 ct
238 790 301 835 ene„
316 790 372 824 Cant.
384 802 429 834 nen>⁴
441 788 515 837 reliqui
526 804 559 833 ne,
573 797 597 826 ut
606 791 676 838 vulgo.
704 821 716 840 sa
724 797 778 838 Qua-

57 841 75 877 si
91 840 176 877 dixerit:
191 842 240 888 „Ne
258 847 306 877 tuae
315 839 391 875 mertis
403 835 494 890 ἅβλεψιίι
506 840 568 877 unice
581 843 607 878 sit
618 843 685 880 affinis
696 845 777 894 eulpae,

58 892 94 942 qui
105 892 132 929 ad
143 904 217 930 verum
229 890 388 936 obstinatissime
400 891 483 942 caliges.
491 892 504 913 “
519 894 567 931 We
573 896 592 930 l'.

109 945 154 984 918.
176 944 235 994 soris
246 944 321 993 eiecta]
338 943 399 981 Gonf.
409 943 465 980 infre
477 956 495 981 V.
507 942 552 982 924.
564 952 584 980 et
593 945 639 984 961.

109 997 168 1036 927.,
182 996 215 1032 De
229 1009 281 1033 voce
297 997 350 1034 cinis
365 1007 441 1044 genere
456 995 531 1032 femin.
542 1002 641 1047 usurpata
654 996 709 1034 conf.
720 999 778 1037 Rud-

57 1046 109 1085 dim.
121 1050 171 1084 lnst.
183 1047 221 1084 Gr.
233 1050 248 1084 Ι.
259 1061 280 1097 p.
291 1049 323 1087 26.
335 1051 379 1083 not.
390 1047 423 1085 37.

107 1113 152 1152 929.
179 1121 199 1149 et
209 1127 236 1155 er
243 1110 295 1162 igni]
307 1109 336 1147 sic
346 1111 411 1159 Cant,
422 1123 485 1162 quem
495 1109 555 1149 Wak.
566 1116 665 1161 sequutus
676 1118 717 1160 est3
732 1113 777 1151 vul-

55 1175 82 1215 go
96 1175 130 1213 nt,
141 1174 190 1200 cum
200 1164 275 1200 ceteris
286 1162 352 1200 libris.
366 1185 390 1191 -
405 1162 473 1212 caeco]
488 1162 545 1200 Bodl.
558 1163 610 1202 Brix.
623 1163 670 1200 Ver.
681 1166 733 1204 Ven.
746 1177 778 1205 ια-

55 1227 99 1262 cto,
114 1214 170 1265 quod
186 1220 257 1251 ortum
275 1220 325 1264 puto
342 1227 356 1251 e
370 1215 495 1265 glossemate
507 1226 560 1253 tecto
571 1214 593 1251 in
605 1214 678 1254 Aldl.
692 1218 711 1257 2.
725 1220 776 1258 Bon.

54 1268 111 1304 Iuni.
122 1264 183 1304 Wak.
193 1265 340 1304 tamenconi:
354 1269 400 1318 igni
409 1272 478 1305 tacito.

106 1320 152 1359 930.
179 1318 285 1370 confletur]
299 1317 412 1368 Vulgarem
421 1317 541 1364 lectionem,
555 1317 592 1355 etsi
605 1316 667 1354 libris
679 1318 775 1357 omnibus

54 1369 228 1418 reclamantibus,
255 1370 282 1407 ob
302 1372 393 1406 rationes
417 1370 564 1421 grammaticas
580 1375 600 1405 et
616 1370 774 1408 coniunctivum

51 1426 119 1475 possit
129 1423 151 1459 in
163 1421 258 1471 sequenti
267 1434 329 1460 versu
338 1421 470 1458 retinendam
483 1420 542 1465 duxi;
557 1432 620 1470 quare
636 1420 671 1457 hic
688 1422 774 1471 quidem

53 1474 145 1525 probare
159 1486 203 1510 non
218 1486 314 1523 possum,
329 1472 482 1510 Wakefieldum
498 1471 593 1509 omnium
604 1471 709 1510 librorum
722 1474 775 1511 scri-

53 1532 139 1577 pturam
150 1524 252 1577 confletur
261 1525 282 1562 in
293 1530 413 1563 contextum
423 1523 536 1575 recepisse,
552 1536 616 1574 quam
629 1524 706 1562 Eichst.
721 1538 773 1577 quo·

54 1590 95 1629 que
106 1577 191 1627 respuit.

106 1627 151 1669 934.
177 1630 248 1668 Ae'riis
260 1649 286 1657 -
300 1627 369 1678 auris]
385 1626 563 1675 Gonf.ad1,771.

105 1695 150 1734 937.
178 1696 240 1732 etiam
256 1695 348 1741 conchis,
363 1692 411 1742 aut]
425 1692 454 1730 sie
471 1693 519 1730 Hev.
537 1697 557 1728 et
569 1690 630 1728 Wak.
644 1704 693 1729 cum
703 1692 771 1744 Lugd.

53 1747 72 1785 l.
83 1746 102 1785 2.
116 1744 243 1791 rectissime3
257 1745 318 1781 Vind.
333 1744 381 1788 Brit.
391 1746 410 1784 2.
421 1746 440 1783 3.
453 1743 509 1781 Brix.
521 1744 570 1780 Ver.
583 1745 633 1781 Ven.
647 1747 710 1782 etiam
722 1761 773 1784 con-

54 1799 111 1836 cluso
127 1810 158 1843 ut,
174 1797 217 1834 Ald.
230 1799 248 1835 1.
265 1799 315 1835 Bon.
329 1800 391 1834 ett'om
408 1797 513 1834 conclusae
528 1807 562 1842 ut,
578 1807 631 1845 quae
646 1795 773 1834 lectionesa

52 1856 139 1898 recepta
152 1848 269 1899 paullulum
283 1847 347 1885 modo
359 1847 472 1893 differunt3
485 1849 545 1884 Poor.
556 1846 615 1884 Cant.
627 1847 682 1885 lunt.
694 1848 739 1885 Ald.
750 1850 771 1887 2.

54 1910 99 1937 eztte
114 1903 233 1948 conclusae,
248 1911 298 1943 (ιιιι,Ι
315 1899 364 1935 Brit.
378 1901 396 1937 1.
411 1910 467 1947 seta,
486 1910 522 1936 (tut
538 1899 628 1944 conchis,
643 1911 690 1943 aut‚·
705 1905 725 1936 ei
740 1900 771 1937 sic

53 1950 146 2001 evulgari
157 1952 216 1990 solet.
229 1960 256 1978 ’-
269 1950 332 1999 collo]
348 1949 412 2000 Lugd.
420 1952 437 1989 1.
445 1952 464 1989 2.
476 1949 536 1988 Vind.
551 1949 598 1987 urit.
606 1951 647 1989 19.
658 1950 710 1987 llrix.
721 1952 769 1989 Ver.

51 2003 103 2041 Ven.
116 2006 179 2054 gallo.
194 2024 218 2030 —
232 2010 312 2049 tectae]
326 2003 374 2040 Ver.
388 2003 437 2038 Ven.
448 2013 523 2048 tactae,
536 2001 585 2039 Brit.
595 2004 614 2040 2.
633 2013 707 2040 rectae.
734 2004 771 2040 Ce-

51 2059 120 2090 terum
130 2068 161 2092 vv.
172 2056 217 2095 936.
226 2061 247 2092 et
257 2056 316 2102 937„
330 2054 365 2104 qui
378 2067 420 2090 non
434 2053 502 2090 solum
512 2053 572 2090 huius
582 2053 625 2091 loci
637 2061 770 2104 argumento,

51 2104 89 2142 sed
105 2104 139 2141 alii
154 2106 218 2143 etiam
233 2106 325 2144 Lucretii
341 2106 388 2154 loco
403 2104 517 2155 (nimirum
530 2118 549 2143 v,
563 2105 601 2144 824
611 2108 650 2153 ss.)
665 2106 721 2143 clere
732 2107 771 2144 ad-

51 2162 171 2204 versantur,
184 2158 236 2195 mihi
252 2159 337 2208 quidem
348 2157 461 2195 admodum
470 2163 576 2207 suspectos
587 2157 665 2205 videri,
679 2156 701 2194 in
713 2159 768 2197 Diss.

51 2220 99 2245 mea
111 2207 136 2244 de
147 2211 208 2246 Lucr.
219 2223 241 2259 p.
254 2213 285 2250 68.
296 2208 443 2248 demonstravi.

95 2270 148 2311 1940.
176 2276 288 2325 „utrinque
304 2290 372 2320 secus,
389 2273 403 2311 i.
421 2285 438 2312 e.
455 2283 478 2309 ex
495 2277 584 2321 utreque
599 2279 672 2322 parte,
685 2270 768 2312 interna

50 2321 142 2369 scilicet,
156 2329 291 2374 externaque.
305 2325 366 2364 Conl.
383 2326 434 2362 Cato
451 2324 474 2361 R.
489 2324 512 2360 Ρι.
526 2326 582 2362 XXI.
594 2331 614 2361 et
626 2325 707 2374 Apulei.
719 2328 767 2365 Met.

50 2377 75 2412 Il.
85 2387 105 2424 p.
117 2376 161 2421 92„
175 2375 211 2411 ubi
223 2375 344 2415 doctissima
355 2374 497 2425 Oudendorpii
506 2382 568 2423 nota,
581 2377 702 2414 Lucretium
717 2390 768 2427 quo-

51 2438 91 2475 que
101 2430 197 2462 nostrum
212 2439 254 2462 non
271 2429 342 2477 obliti,
357 2429 426 2468 omnia
439 2427 548 2478 complexa
559 2434 590 2466 est
597 2456 603 2477 ,
617 2436 638 2465 et
648 2429 707 2467 nobis
719 2441 767 2478 per-

50 2477 115 2514 mittit
123 2476 191 2515 otiari.
199 2478 212 2497 “
226 2481 257 2517 W
258 2494 271 2517 a
276 2482 295 2518 k,

81 2547 198 2576 Ltcuurlus.
588 2533 615 2575 Ii
