1690 2654
224 90 267 133 AD
283 84 420 131 LIBRUM
437 81 586 125 SEXTUM.
717 81 767 126 '543
824 71 826 73 ¹

103 203 159 243 1075.
181 199 261 254 fluctu]
276 197 332 235 Bodl.
346 197 407 234 Poor.
423 192 472 232 Brit.
484 193 503 231 1.
520 193 577 229 Cant.
589 189 642 229 Brix.
654 191 703 230 Ver.
714 189 766 228 Ven.

49 259 101 295 Iunt.
114 255 158 294 ΑΜ.
168 255 187 293 2.
196 258 217 290 et
227 251 274 291 Pius
285 251 306 287 in
317 248 371 286 notis
379 248 466 298 fluctus.
485 245 525 292 „Et
535 255 591 292 sane,
606 248 693 280 annotat
699 241 766 288 Wak,

50 320 99 346 cum
110 309 155 354 det,
170 303 226 355 quod
240 301 336 339 exhibent
351 300 411 336 Poor.
427 303 448 333 et
463 297 530 344 lunt„
549 307 589 332 nec
600 295 648 332 Pius
662 307 704 331 non
716 292 767 331 alibi

49 359 138 403 invenit,
158 354 272 393 animosior
289 351 358 390 evadit
373 350 444 394 locus;
471 347 561 386 fortasse
578 353 650 384 tamen
664 346 766 383 varietate

50 405 216 452 constructionis,
229 417 270 455 qua
282 403 359 455 gaudet
370 412 433 451 opere
443 411 525 437 summo
537 403 615 448 noster,
629 398 696 450 magis
708 397 767 436 adiu-

50 468 111 501 vatur
123 459 298 506 exornaturque.“

36 543 43 557 ,
102 510 158 549 1076.
184 509 235 546 velit
250 507 336 550 eluere]
350 501 403 541 Brix.
414 501 462 539 Ver.
472 503 523 541 Ven.
534 503 596 541 velite
605 505 685 549 viuere,
704 500 766 539 vind.

49 562 97 600 Brit.
109 563 126 601 1.
140 562 209 599 vivere
219 556 349 607 simpliciter,
361 555 426 592 ,Poon
436 555 479 594 late
489 554 553 605 uiuet,
568 553 602 592 vel
611 556 674 601 iuuet,
688 553 736 591 Brit.
746 554 766 593 3.

50 617 89 653 cite
97 616 171 660 viuere,
186 611 242 646 Cant.
252 609 304 647 velit
312 609 400 645 eiuvere.
665 624 668 626 ¹

101 664 158 702 1077.
185 661 280 697 Utihimo
300 670 383 695 versum
396 670 445 695 cum
459 656 536 696 Eichst.
554 656 669 703 edidimus,
689 655 766 706 legitur

49 715 70 753 in
86 712 151 765 Lugd.
162 714 179 751 1.
189 713 209 751 2.
220 712 282 748 Poor.
301 715 322 746 et
333 710 400 756 Cant,
418 709 517 760 aquibus
533 709 593 749 Vind.
614 709 691 759 fragm.
704 707 766 745 Vind.

49 767 102 804 Brit.
113 768 130 804 1.
146 764 198 803 Brix.
216 763 263 800 Ver.
275 763 326 800 Ven.
343 761 365 798 in
381 773 405 799 co
421 768 506 798 tantum
521 760 636 808 recedunt.
656 759 712 811 quod
726 771 766 809 pro

50 817 169 869 concopulat
182 813 279 852 exhibent
295 812 383 863 simplex
396 813 485 851 verbum
495 815 584 865 copulat.
611 812 662 851 Brit.
672 813 692 851 3.
702 811 767 849 hahet

9 863 15 871 .
50 873 77 908 D.
87 883 119 907 res
129 881 178 905 auro
191 880 262 904 aurum
274 876 316 904 tum
325 866 408 916 copulat
420 880 467 912 uno,
480 865 566 903 Memm.
580 864 676 903 Lambini
686 869 714 902 D.
726 877 767 902 uon

50 935 99 958 auro
110 934 166 957 arum
176 920 218 969 cop.
230 932 282 964 unc,
303 917 371 965 (unde
379 917 447 954 Faber
460 916 515 955 coni.
528 922 556 955 D.
568 932 609 957 non
625 932 675 955 auro
686 931 719 955 res
730 931 767 954 ou·

49 987 92 1010 rum
103 985 146 1020 cop.
160 970 228 1014 unul)
249 967 293 1005 Ald.
307 970 324 1007 1.
335 971 385 1007 Bou.
399 974 426 1007 D.
438 984 470 1008 res
484 984 535 1007 auro
545 970 576 1020 fit
592 971 624 1007 uti
638 982 708 1007 aurum
722 982 765 1017 cop.

49 1037 102 1066 unc,
121 1023 174 1059 lunt.
190 1018 235 1058 Ald.
252 1021 271 1058 2.
289 1025 317 1059 D.
330 1035 362 1058 ree
377 1035 427 1058 auro
442 1032 549 1072 argentum
563 1035 607 1073 cop.
624 1034 671 1058 uno.
698 1018 766 1069 Vulgo

50 1073 118 1110 editur
130 1076 156 1109 D·
167 1086 198 1109 res
209 1086 258 1109 auro
270 1083 376 1123 argentum
388 1073 509 1122 concopulat
521 1087 573 1120 una,
593 1070 650 1121 quod
659 1070 733 1108 Lamb.
744 1070 767 1106 in

49 1124 114 1160 tribus
123 1122 187 1160 Codd.
194 1124 298 1160 Vatum.
307 1125 379 1161 Fatm.
386 1122 436 1160 dicit
443 1123 545 1160 invenisse
553 1137 558 1170 3
574 1124 610 1174 qui
619 1122 692 1159 suadet
702 1121 767 1159 etiam

48 1174 163 1212 lectionem
179 1179 206 1212 D.
216 1189 248 1212 res
259 1186 366 1227 argentum
377 1190 426 1214 auro
436 1190 480 1214 cum
490 1176 632 1228 copulatura.
657 1173 718 1213 Wak.
728 1185 767 1213 ve-

48 1238 80 1274 ro,
95 1238 157 1277 quem
165 1224 233 1263 hiatus
243 1225 264 1264 in
275 1233 361 1278 recepta
371 1227 463 1265 lectione
476 1234 556 1265 temere
567 1226 663 1276 offendit,
674 1239 685 1263 e
696 1227 767 1264 conie-

49 1283 108 1315 ctura
123 1276 188 1314 edidit
197 1282 226 1327 D.
234 1275 255 1316 et
265 1293 315 1317 auro
327 1294 360 1318 res
372 1294 443 1330 aurum
459 1281 579 1332 concopulat
589 1294 637 1317 una.
664 1282 720 1316 Haec
733 1293 767 1318 res

49 1344 90 1369 unu
107 1341 155 1368 vero
168 1335 198 1366 est
215 1332 351 1380 chrysocolla,
371 1330 396 1369 de
410 1344 451 1383 qna
462 1329 523 1370 Wak.
535 1329 628 1370 conferri
640 1328 698 1368 iubet
711 1329 765 1371 Ptin,

48 1384 74 1423 H.
85 1382 111 1420 N.
122 1383 220 1430 XXqu·
229 1383 262 1421 29.
273 1389 294 1420 et
305 1383 377 1424 isidor.
389 1385 459 1436 Origg-
472 1385 527 1435 XVI,
539 1383 569 1425 14.
671 1388 673 1390 ’

102 1434 159 1473 1078.
185 1436 275 1485 flerique
292 1438 342 1485 aco]
368 1437 434 1488 Lugd.
451 1437 468 1475 1.
485 1438 504 1475 2.
522 1442 617 1488 Aeraque
634 1449 680 1486 aes,
703 1434 765 1472 vind.

48 1484 125 1535 fragm.
141 1484 201 1522 Vind.
215 1490 321 1539 Aeraque,
343 1491 400 1527 Cant.
417 1493 536 1540 Acreoque,
554 1488 584 1525 Pii
600 1487 663 1524 Godd.
680 1486 767 1537 quidam

49 1542 155 1589 Aerccque
168 1553 210 1581 res,
230 1538 283 1575 Brix.
297 1543 426 1593 Aeraquue,
448 1541 508 1578 Poor.
523 1540 576 1590 Brit.
586 1542 604 1579 1.
617 1541 637 1579 3.
655 1540 766 1579 Veniun.

49 1592 91 1628 Ac'r
99 1603 171 1640 cquae,
185 1588 231 1628 Ald.
243 1590 261 1630 1.
273 1592 322 1628 Bon.
334 1597 377 1631 Aes
387 1607 456 1644 aeque,
473 1596 524 1631 lunt.
535 1591 604 1631 Aldu.
617 1597 711 1644 Aeraque
722 1606 766 1630 nec.

49 1661 74 1669 —
87 1640 196 1692 iungatur]
210 1640 263 1682 Brix.
274 1654 376 1695 ungatur,
395 1645 444 1684 Ver.
461 1645 511 1684 Ven.
523 1647 621 1698 algetur,
638 1644 687 1681 Brit.
699 1644 718 1683 3.
730 1646 766 1683 ni-

64 1702 127 1730 TslWT·
659 1707 661 1709 ’

49 1706 63 1744 g
102 1743 158 1782 1082.
184 1745 292 1794 praestat]
312 1744 404 1784 sicHav.
416 1745 531 1784 rectissime
548 1744 736 1797 restituiteLugd.
746 1746 766 1784 2.

49 1799 71 1832 et
81 1796 141 1843 uon,
156 1796 230 1845 quihus
243 1796 296 1834 adde
309 1796 355 1837 Ald.
368 1800 399 1845 1.;
420 1799 518 1850 idemque
529 1798 633 1837 Bentleius
645 1798 780 1836 contectura»

49 1853 169 1896 assequutus
179 1847 268 1897 videtur,
283 1849 387 1899 adscripto
398 1849 515 1901 loco'Virg.
525 1854 574 1888 Aen.
587 1853 602 1898 Ι,
612 1850 656 1889 135.
684 1848 766 1898 Reliqui

48 1896 97 1934 libri
111 1911 183 1935 omnes
199 1911 270 1938 restat.
289 1922 316 1928 -
333 1903 483 1953 comprendere]
502 1904 562 1940 Poor.
579 1901 627 1940 Brit.
639 1903 657 1940 1.
669 1902 688 1940 3.
705 1901 761 1938 Brix.

49 1947 96 1987 Ver.
108 1951 158 1987 Ven.
170 1950 215 1988 Ald.
227 1954 245 1990 1.
257 1954 306 1989 Bon.
319 1956 489 2005 comprehendere.
503 1952 557 2002 (Viti.
570 1965 632 2003 supra
643 1953 669 1990 ad
681 1950 763 2000 ἴ1456.)

101 2001 156 2041 1085.
182 2004 299 2057 Huiusquc]
321 2004 369 2044 Brit.
381 2006 400 2045 3.
416 2009 526 2058 Curiusque,
546 2008 598 2042 lunt.
612 2008 691 2053 Huius,
705 2020 764 2058 quoe.

49 2070 73 2078 -
87 2053 144 2103 laec]
160 2053 190 2091 sic
201 2055 260 2093 Wak.
273 2068 322 2092 cum
334 2057 430 2094 omnibus
445 2058 513 2103 libris,
525 2063 608 2106 praeter
620 2060 684 2104 lunt,
704 2071 765 2109 quam

48 2103 193 2158 praebentem
207 2107 272 2157 vulgo
281 2113 352 2145 tamen
362 2112 439 2151 lterum,
453 2122 477 2146 ex
489 2109 575 2145 arbitrio
585 2108 686 2146 Lambini.

64 2205 72 2242 I
100 2157 157 2215 1086.
179 2160 273 2211 plicata]
288 2160 346 2198 Vind.
357 2161 417 2198 Poor.
429 2161 481 2199 Brit.
491 2162 511 2200 3.
525 2162 585 2199 Cant.
595 2160 649 2200 Brix.
657 2161 705 2200 Ver.
714 2159 764 2200 Ven.

47 2218 133 2257 pecua.

99 2260 156 2299 1087.
183 2262 278 2314 coplata]
298 2262 374 2314 fragm.
385 2263 444 2303 Vind.
461 2264 522 2301 Poor.
538 2262 588 2302 Brit.
600 2265 621 2303 3.
637 2264 694 2303 Cant.
708 2263 762 2300 Brix-

49 2305 96 2367 VeJ'.
104 2312 153 2348 Ven.
163 2307 208 2349 lid.
219 2317 237 2353 1.
248 2315 298 2352 Bon?
309 2318 413 2367 copulata,
428 2318 481 2353 lunt.
492 2315 537 2355 Ald.
547 2317 566 2354 Ξ.
580 2327 691 2370 compacta.
709 2313 763 2367 (Alia

49 2356 107 2397 huius
117 2374 217 2414 syncopes
229 2366 323 2417 exempla
334 2366 380 2405 vide
391 2380 452 2417 supra
462 2367 488 2406 ad
498 2381 517 2406 v.
529 2369 593 2417 1066.)

101 2415 155 2455 1088.
184 2420 270 2469 ‚‚Quod]
291 2419 357 2470 Lugd.
373 2421 391 2459 2.
409 2426 464 2469 (ὶιιος
490 2426 510 2457 et
526 2419 608 2470 placet,
630 2419 671 2456 hcc
689 2415 762 2455 ordine

49 2462 171 2508 verborum:
192 2471 234 2518 Quo
248 2471 315 2523 magis
329 2475 367 2512 loc
381 2471 463 2511 videtur
477 2472 524 2511 fieri
537 2494 563 2500 —
576 2472 590 2512 1'.
608 2483 625 2510 e.
641 2470 693 2508 haec
707 2468 761 2506 res.“

540 2529 607 2568 Zz2
