1690 2654
54 92 103 137 214
276 89 543 141 ANNOTATIONES

54 202 115 241 Poor.
128 199 177 240 Brit.
188 200 206 238 1.
216 200 236 239 2.
245 199 265 239 3.
275 205 296 237 et
306 199 355 239 edit.
364 201 423 248 Ver,
437 202 521 253 (quibus
533 202 586 241 adde
596 203 649 244 Brix.
659 210 680 242 et
691 206 763 255 Ven.);

54 253 122 304 vulgo.
132 254 205 298 mixto,
226 251 274 301 quia
289 252 390 289 nimirum
405 252 501 291 librarios
516 254 604 292 offendit
621 256 766 306 praedicatum

53 301 146 343 neutrius
161 303 243 353 generis
257 304 350 352 (mixta)
365 304 495 343 substantivis
510 306 618 344 masculini
628 308 708 358 generis
723 311 771 356 (ci.
821 332 824 334 ·

53 357 90 401 bur
102 375 127 382 -
140 355 220 406 liquor)
235 354 350 400 adiectum
362 355 398 406 qui
408 357 517 406 scrupulus
526 371 567 395 non
577 358 645 396 solum
654 358 709 396 hanc
719 372 765 397 cor·
779 370 781 373 ·

52 406 180 454 rectionem,
194 406 231 443 sed
249 407 313 444 etiam
328 406 395 456 priori
411 421 472 446 versu
484 409 621 447 mutationem
634 409 720 460 pluralis
729 420 765 460 pu-

52 468 121 497 tentur
131 457 152 494 in
163 458 290 509 singularem
301 471 423 508 procreasse
433 460 522 501 videtur.
548 463 612 499 Recte
623 468 692 500 autem
702 460 764 502 Wak.

51 514 137 559 monet,
151 509 191 547 hac
202 509 224 546 in
236 522 260 547 re
270 510 311 547 illis
322 523 365 547 non
374 512 504 550 haerendum
513 512 587 562 fuisse,
602 518 623 550 et
635 513 718 565 ablegat
727 518 765 550 n'os

52 559 79 598 ad
96 560 176 598 Sanctii
190 560 241 600 Min.
260 563 294 606 IV.
310 563 329 601 8.
347 562 498 612 [voluit'haud
514 564 576 601 dubie
590 566 623 612 IV,
636 562 655 603 ll.
669 578 689 615 p.
700 565 738 604 615
749 577 766 605 s.

51 612 142 662 Periz.),
157 612 191 650 cui
205 613 258 650 adde
275 610 379 653 modim?
387 615 437 654 lust,
451 615 487 652 Gr.
498 618 521 655 [1.
533 628 553 665 p.
564 617 583 655 3.
595 622 639 653 not.
650 617 669 655 3.
682 616 765 657 Ramsh.

54 664 93 704 Gr.
108 666 153 703 Lat.
169 677 189 713 p.
201 665 245 704 153.
257 670 278 700 et
288 665 331 704 155.
347 665 451 703 Drakenh.
466 667 492 706 ad
502 667 546 706 Liv.
557 668 574 710 l,
584 668 616 705 31.
627 668 644 716 ᾗ.
655 667 674 706 7.
688 669 721 716 IV,
732 667 766 709 57.

53 717 71 766 ᾗ.
82 718 101 755 6.
113 723 134 753 et
145 715 237 765 saepius,
253 718 343 753 Gronov.
362 717 388 754 ad
404 717 448 754 Liv.
463 719 539 765 XXIII,
555 718 587 757 12,
604 719 621 767 ᾗ.
632 717 651 757 5.
663 717 723 760 'Cort.
739 718 767 757 ad

52 767 134 805 Sallust.
144 771 188 816 lug.
200 767 232 804 38.
246 765 345 815 aliosque.

104 831 148 869 869.
176 841 251 869 terram
260 828 320 867 Wak.
329 829 430 879 recepite
441 830 507 870 Codd.
518 830 575 870 Bodl.
586 831 644 871 Gott.
654 832 704 870 Brit.
717 834 735 872 1.
745 835 766 873 2.
832 821 834 823 .

51 881 119 930 Cant,
131 879 255 932 quibuscum
266 881 399 919 consentiunt
408 882 466 922 editt.
477 881 529 919 Brix.
540 879 588 920 Ver.
598 884 648 923 Ven.
657 888 711 923 lunt.
719 884 765 925 Ald.

51 935 72 974 2.
85 933 153 984 Vulgo
165 943 243 980 terras,
257 939 281 970 ut
292 945 303 970 e
313 939 362 971 vett.
375 933 432 971 editt.
442 934 486 975 Ald.
499 936 516 973 1.
527 940 548 971 et
558 936 608 984 Bon.

104 999 191 1035 Versum
209 998 254 1037 873.
280 998 302 1035 in
319 996 383 1037 Godd.
398 998 464 1049 Lugd.
483 1000 500 1037 1.
519 1000 538 1038 Ξ.
555 999 611 1036 Gott.
630 997 690 1039 Vind.
704 999 764 1036 Poor.

51 1048 102 1087 Brit.
113 1050 131 1090 1.
141 1050 160 1088 3.
174 1049 234 1087 Cant.
245 1054 268 1087 et
279 1048 338 1088 editt.
349 1050 402 1089 Briir.
414 1051 462 1091 Ver.
474 1050 526 1089 Ven.
536 1049 581 1088 Ald.
594 1051 611 1089 1.
623 1053 673 1090 Bon.
689 1049 712 1095 hi
723 1049 765 1098 cluo

52 1108 177 1153 sequuntur:

177 1157 290 1193 Praeterea
299 1154 359 1191 tellus
371 1168 422 1206 quoe
433 1168 516 1205 corpora
525 1168 602 1206 cunque
613 1154 652 1193 alit
658 1180 665 1203 ,
679 1163 748 1206 auget,

177 1209 210 1242 Ex
220 1206 352 1258 alienigenis,
366 1220 417 1255 quoe
428 1207 491 1256 lignis
500 1209 623 1252 exoriuntur,

29 1278 32 1281 >
54 1266 145 1306 quorum
154 1255 215 1293 Wak.
229 1256 285 1293 lumc
296 1255 385 1301 alterum
395 1256 416 1292 in
429 1255 646 1305 contextumrecepit.
666 1254 767 1306 Equidem
833 1292 834 1295 ,

52 1307 75 1345 in
89 1308 205 1348 Comment.
218 1319 266 1346 mea
276 1308 301 1345 de
312 1309 374 1345 anr.
385 1320 406 1357 p.
418 1310 454 1347 101
465 1320 491 1349 ss,
505 1308 560 1345 hunc
577 1308 649 1345 locum
664 1307 718 1345 inter
731 1320 766 1345 eos

51 1358 126 1403 retuli,
153 1359 291 1410 quivestigia
306 1359 405 1410 duplicis,
426 1372 489 1409 quarn
505 1359 557 1397 liaec
573 1359 667 1397 carmina
683 1358 768 1410 experta

52 1409 106 1459 sint,
119 1410 246 1448 recensionis
263 1409 311 1448 satis
327 1411 445 1448 luculenter
459 1410 566 1448 continere
583 1410 698 1456 videantur.
724 1409 767 1448 Etsi

53 1462 161 1500 autem¹in
175 1463 267 1500 versibus
283 1462 324 1500 illis
342 1462 429 1500 fortasse
446 1475 495 1500 vera
509 1462 600 1499 Lucretii
616 1474 689 1499 manus
699 1475 767 1513 agno-

52 1513 141 1564 scenda,
156 1520 227 1552 tamen
243 1521 341 1552 neutrum
360 1526 433 1552 eorum
444 1514 467 1551 in
482 1519 602 1552 contextum
613 1512 767 1551 admittendum

53 1565 113 1615 duxi,
127 1579 192 1618 quum
207 1566 246 1616 ipsi
262 1579 304 1604 non
321 1566 342 1603 in
357 1566 453 1603 omnibus
467 1565 526 1603 libris
536 1565 679 1611 inveniantur,
694 1570 767 1602 contra
808 1582 811 1586 ·

52 1629 119 1665 vero,
127 1617 162 1668 qui
172 1618 197 1655 iis
206 1619 295 1667 receptis
306 1617 399 1655 exsulare
409 1617 508 1655 deberent
522 1617 555 1666 (v.
566 1618 610 1656 868.
620 1623 640 1654 et
651 1617 717 1665 873),
732 1628 766 1653 eos

54 1669 149 1707 omniurn
166 1668 230 1710 Codd,
247 1676 268 1706 et
284 1674 335 1709 vett.
349 1669 406 1706 editt.
423 1669 536 1706 auctoritas
550 1674 639 1708 tueatur.
671 1670 766 1705 Fortasse

54 1720 100 1758 aliis
113 1719 242 1769 temporibus
258 1726 374 1766 servatum,
388 1726 411 1756 ut
425 1720 541 1770 quaestioni
555 1718 587 1756 illi
604 1718 628 1756 de
640 1718 718 1768 duplici
727 1721 768 1757 Lu-

55 1770 115 1810 cretii
126 1771 261 1819 recensione,
276 1771 309 1808 cui
321 1784 358 1809 nos
368 1769 407 1822 pro
419 1771 496 1810 viribus
507 1770 634 1821 respondere
643 1769 766 1820 studuimus,

54 1822 167 1862 clariorem
177 1823 247 1861 lucem
258 1824 353 1863 afferant.

106 1898 150 1940 874.
177 1899 238 1938 Wak.
255 1912 280 1937 ex
297 1899 381 1950 optimis
399 1899 465 1938 Godd.
478 1899 545 1951 Lugd‘.
556 1900 574 1938 1.
587 1900 607 1939 2.
623 1899 681 1937 Gott.
691 1898 766 1937 verbo-

53 1964 101 1990 rum
112 1951 207 1990 ordinem
217 1952 318 1999 mutavit,
333 1952 368 2002 qui
378 1953 441 2003 vulgo
450 1953 479 1990 sic
490 1964 512 1988 se
523 1952 597 1989 habet:
611 1954 635 1988 L.
644 1952 664 1988 t.
675 1954 742 1989 tenuis
752 1952 766 1990 l.

54 2019 71 2041 c.
84 2007 190 2056 quaedam.
217 2005 246 2041 Eo
262 2003 361 2041 libentius
374 2011 444 2041 autem
457 2003 517 2041 Wak.
534 2008 632 2052 sequutus
648 2013 704 2049 sum,
725 2015 766 2053 quo

53 2054 120 2106 magis
132 2055 195 2092 etiam
205 2062 305 2105 corrupta
317 2056 375 2093 editt.
390 2057 436 2093 Ver.
447 2057 498 2093 Veri.
510 2054 576 2091 ratio:
593 2058 618 2091 L.
629 2056 649 2092 lz·
659 2056 725 2093 tenuis
734 2069 768 2093 co-

50 2110 90 2159 pia
101 2108 199 2159 quaedam
215 2108 314 2155 latitandi
326 2108 440 2145 verborum
458 2104 642 2156 transpositionem
651 2104 685 2142 hic
696 2104 768 2145 locum

53 2158 148 2209 habuisse
159 2157 299 2205 demonstrat,
315 2166 335 2196 et
346 2172 386 2210 quo
400 2159 506 2196 clarius‘in
518 2169 569 2194 voce
579 2161 646 2196 tennis
661 2155 768 2197 δισσυλλά-

54 2210 97 2264 pag
113 2208 266 2258 pronuntianda
281 2223 364 2248 causam
382 2208 521 2260 corruptionis
538 2208 655 2259 perspicere
670 2209 722 2247 milri
736 2208 767 2247 vi-

54 2261 117 2307 deor,
137 2260 170 2297 cui
184 2260 279 2310 synizcsi‚
297 2262 318 2298 in
335 2263 375 2299 hac
395 2275 447 2300 voce
465 2274 521 2297 nunc
535 2260 625 2310 primum
642 2261 767 2310 occurrenti,

53 2311 137 2352 librarii
150 2311 243 2349 nondum
257 2314 332 2350 assueti
349 2315 434 2352 fuerint.
449 2313 501 2360 (Sed
512 2312 553 2350 vid.
566 2314 593 2355 ΙΙ,
606 2314 651 2353 232.
670 2314 709 2360 Ill,
721 2311 767 2353 244.
789 2334 792 2343 .

53 2363 99 2406 384.
112 2360 158 2402 449.
178 2364 214 2408 IV,
229 2362 259 2403 fil.
274 2367 305 2404 83.
324 2368 368 2405 102.
384 2367 429 2406 730.
443 2366 488 2404 733.
505 2365 548 2404 745.
564 2365 607 2404 750.
626 2372 646 2403 et
660 2364 768 2402 sexcentos

54 2417 106 2456 alios
116 2415 182 2466 locoS,
196 2414 218 2450 in
228 2416 301 2466 quibus
311 2417 414 2463 omnibus,
429 2417 477 2467 qnia
488 2416 550 2453 litera
560 2417 637 2454 vocalis
649 2433 662 2455 u
674 2417 709 2453 hic
718 2427 768 2453 vere

54 2469 77 2508 in
92 2478 208 2507 consonam
220 2482 233 2506 v
248 2468 334 2520 transit,
347 2470 389 2508 hoc
402 2467 529 2508 vocabulum
539 2468 643 2509 lectorum
655 2466 767 2507 commodo
