1690 2654
96 85 145 132 352
314 87 595 160 ANNdTffloNEs

147 194 193 247 489.
219 195 310 234 oculeive
323 197 439 247 revincent]
456 196 515 237 ssodt.
532 198 581 238 Ver.
597 197 650 236 ven.
666 199 721 237 oculi
736 195 815 251 quoque

95 251 186 296 vincent,
201 247 257 284 Cant.
269 248 323 286 oculi
334 254 381 287 uere
391 251 485 297 vincent,
499 248 544 286 ald.
555 251 573 288 1.
586 251 635 289 Bon.
647 250 700 288 oculi
711 261 773 301 atque
782 265 815 287 re·

94 302 188 350 vincent,
202 299 252 340 Brit.
263 300 282 341 2.
293 301 386 352 oculique
403 303 519 352 revincent,
534 301 590 352 quod
603 299 664 342 Wak.
680 300 770 338 fortasse
779 312 815 338 ve-

93 361 143 389 rum
156 358 232 389 censet.

146 412 192 455 492.
218 418 246 453 Ut
262 413 320 454 hunc
341 428 424 454 versum
447 427 496 454 cum
509 415 570 454 Wak.
586 414 681 463 exhibui,
701 414 780 467 legitur
792 413 814 452 in

65 486 67 489 ·
94 466 191 504 omnihus
208 466 280 516 libris,
294 474 442 519 praeterquam
457 467 514 518 quod
527 467 549 504 in
563 469 624 507 Poor.
642 470 668 505 Id
683 479 721 517 pro
738 472 777 516 Ee,
791 466 814 504 in

93 517 161 568 Lugd.
174 519 194 557 2.
211 520 320 565 mollescit,
332 519 355 556 iu
369 520 418 556 Brit.
428 521 447 558 2.
461 531 511 556 vero
521 520 613 557 moleseit
624 531 661 568 pro
673 520 731 557 molle
740 521 780 563 sit,
793 523 815 555 et

93 568 117 606 in
127 568 222 618 atd.1‚2.
234 572 283 608 Bon.
294 571 349 608 qut.
360 573 460 623 egelidum
472 582 510 620 pro
521 581 541 608 et
551 572 640 622 gelidum
649 576 741 619 apparet.
763 568 814 606 Vui-

93 631 122 671 go
140 619 175 657 hic
190 618 259 670 locus,
273 634 286 658 a
300 621 402 658 Lambino
415 621 497 671 integro
511 634 574 658 versu
584 620 735 671 locupletatus,
750 633 814 671 quem

93 682 122 708 ue
131 672 182 710 Hav.
195 671 281 721 quidem
290 671 376 718 reiecit,
389 671 420 708 sie
431 672 520 721 legitur:
555 702 557 706 .

175 725 233 772 Quod
242 725 308 771 molle,
319 733 356 761 aut
368 725 438 762 durum
447 734 485 769 est,
494 724 591 774 gelidum,
598 721 715 773 servetque,
725 737 814 762 seorsum

171 775 277 820 Idmone,
291 772 329 812 aut
340 776 422 819 durum,
435 775 539 824 gelidum,
548 772 659 824 fervensve
669 775 741 812 videri·

92 824 209 872 sentiens,
222 824 273 862 ticet
288 824 385 862 Lambini
396 837 478 861 versum
489 824 536 861 iure
549 824 641 861 exsulare
652 825 734 871 iubeat,
745 824 813 862 -Iibro-

93 887 145 914 rum
159 881 231 913 tamen
246 875 360 914 lectionem
370 875 400 913 sic
412 875 458 913 vult
467 873 557 913 mutari:
574 878 627 925 Quid
640 877 709 920 molle,
725 887 762 914 aut
772 879 814 915 du-

93 924 146 976 rum,
159 929 262 980 gelidums
266 928 393 980 fervensque,
404 942 500 966 seorsum.
526 925 587 965 Wak.
599 938 656 972 vero,
668 926 731 976 Godd.
741 934 814 965 aucto-

93 978 179 1017 ritatem
196 977 321 1027 defeadens,
334 991 420 1016 omnem
430 979 502 1015 locum
512 977 541 1014 sic
550 977 674 1027 capiendum
686 990 733 1015 esse
741 978 813 1017 docet:
835 994 839 997 “

94 1029 209 1080 „Ideoque
222 1042 307 1067 necesse
322 1035 366 1076 est,
379 1036 400 1068 et
416 1029 472 1080 quod
487 1029 603 1076 mollesit,
621 1035 643 1065 et
652 1028 756 1080 gelidum,
769 1030 814 1067 fer-

94 1092 182 1170 qensve,
191 1079 273 1153 ‘qideris
286 1081 300 1119 i.
312 1093 328 1121 e.
340 1081 382 1132 ita,
395 1087 420 1119 ut
431 1086 472 1129 est,
485 1079 564 1129 videri,
577 1079 653 1129 molle,
667 1080 766 1132 gelidum,
774 1080 813 1119 ·vel

107 1143 185 1170 erveus.

147 1183 193 1223 495.
219 1186 313 1230 seorsus]
326 1183 392 1234 Lugd.
404 1184 421 1222 1.
434 1184 453 1222 2.
469 1182 518 1222 Brit.
529 1185 548 1223 3.
568 1186 624 1222 Cant.
635 1182 689 1220 Brix.
699 1184 749 1222 Ver.
760 1184 812 1221 Ven.

94 1249 183 1273 seorsum
187 1250 195 1279 ;
208 1234 255 1282 „ad
268 1247 320 1285 quos
330 1234 443 1285 legendum
451 1234 519 1280 foret:
533 1237 626 1274 Seorsum
638 1237 702 1273 etiam
713 1241 763 1285 etc.‚
776 1234 813 1272 sed

93 1284 185 1337 vulgatis
197 1284 295 1336 equidem
305 1285 379 1324 malim
388 1292 451 1324 stare.
459 1287 473 1307 “
487 1288 519 1325 W
521 1300 534 1323 a
539 1287 559 1323 le.

146 1346 193 1399 496.ι
198 1346 332 1399 Nascuntur]
341 1348 407 1401 Lugd.
415 1352 433 1389 1.
440 1349 460 1388 2.
470 1348 529 1387 Bodl.
538 1350 599 1387 Poor.
609 1348 660 1387 Brit.
668 1350 686 1388 1.
692 1350 711 1388 3.
724 1348 813 1387 cantet

94 1398 150 1441 fleix.
161 1402 284 1447 Nascantur,
299 1401 326 1437 oh
336 1413 425 1451 quorum
438 1400 588 1450 exemplarium
597 1400 813 1452 fidemxveuerabflem

93 1451 155 1491 Wak.
169 1451 240 1489 locum
255 1451 284 1489 sic
294 1451 433 1489 ordinandum
442 1458 522 1489 censet:
537 1473 583 1501 „-
595 1457 623 1480 —'
634 1463 715 1489 seorsus
727 1451 812 1490 odores:

85 1504 214 1543 'Nascantur
224 1502 318 1553 seorsum
330 1505 422 1553 sonitus,
436 1506 538 1556 adeoque,
551 1515 636 1540 necesse
652 1509 694 1551 est,
708 1504 754 1540 Non
765 1515 813 1552 pos-

93 1553 136 1590 sint
146 1554 221 1600 etc.;“
234 1555 370 1593 nihilominus
384 1568 434 1593 vero
447 1561 556 1605 receptam
570 1555 747 1593 constructionem
760 1553 813 1591 faci-

96 1603 175 1642 liorem
186 1611 207 1642 et
217 1605 373 1656 explicatiorem
382 1605 496 1657 praedicat.

146 1653 193 1694 498.
219 1660 363 1708 reprehendere
393 1658 443 1706 „sie
457 1668 528 1694 omnes
546 1655 595 1701 libri
610 1655 677 1705 [Iunt.
694 1659 716 1691 et
745 1654 775 1693 ld.
789 1657 813 1700 2.

50 1735 53 1740 .
96 1706 212 1757 exceptis],
226 1711 409 1759 non-reprendere,
425 1708 460 1757 [ut
470 1707 533 1756 vulgo
544 1706 636 1756 editur‚]
652 1711 735 1754 praeter
745 1707 811 1757 Lugd.

94 1756 115 1795 1.
125 1759 157 1802 2,,
172 1757 197 1794 de
210 1758 283 1808 quibus
295 1771 321 1795 an
333 1771 381 1796 vera
392 1758 489 1796 retulerit
500 1760 564 1804 Hau,
578 1756 612 1794 alii
629 1756 724 1795 dicant.“
739 1761 771 1796 W
773 1774 785 1796 a
791 1761 812 1796 le.

115 1837 120 1861 q
148 1808 194 1847 502.
221 1812 305 1855 iuxtim]
319 1811 404 1853 Nonius,
417 1822 480 1860 quem
489 1809 549 1846 Wak.
558 1808 636 1854 laudat,
652 1810 674 1852 tt,
684 1805 729 1847 451.
743 1813 812 1857 „qu-

96 1860 135 1897 tim
144 1872 183 1908 pro
194 1861 278 1899 iuxtai“
294 1861 354 1898 Conf.
363 1859 422 1898 iufra
433 1874 451 1898 v.
465 1861 522 1900 1209.
536 1862 619 1898 sueton.
630 1859 700 1899 Tiber.
711 1861 743 1900 33.
757 1864 813 1911 Apu-

93 1908 129 1948 lei.
142 1911 195 1948 Met.
202 1913 228 1950 H.
238 1924 259 1962 p.
269 1913 313 1951 121.
326 1912 397 1964 ibique
409 1911 501 1949 Oudeud.

145 1973 191 2012 504.
219 1972 303 2025 causas]
316 1975 373 2014 Bodl.
390 1974 451 2017 Vind.
465 1973 515 2013 Brit.
528 1973 546 2013 1.
556 1973 576 2012 2.
588 1972 607 2013 3.
620 1974 678 2014 Cant.
694 1974 748 2020 Brix.
763 1976 812 2017 Ver.

93 2024 146 2065 Ven.
160 2040 250 2066 causam.

146 2075 191 2115 505.
219 2073 328 2130 quoquam,
341 2075 413 2114 teia
426 2081 671 2127 quamcunquepartem.
697 2076 812 2116 sinautem

93 2124 156 2165 Wak.
170 2127 236 2166 edidit
251 2141 300 2166 cum
315 2128 375 2168 Vind.
392 2129 453 2165 Poor.
470 2126 521 2165 Brit.
534 2128 551 2164 1.
562 2127 581 2164 2.
592 2126 611 2165 3.
625 2128 686 2165 Cant.
697 2129 750 2166 Brix.
762 2134 811 2166 Ver.

94 2176 159 2224 Ven.‚
173 2179 262 2217 afferens
276 2181 352 2218 veteris
370 2178 494 2217 Glossatoris
507 2176 583 2215 verba:
606 2182 740 2231 „Quoqumm
759 2179 812 2226 ὅλως

94 2229 149 2275 ποῦ,
162 2232 225 2269 ποῖ.“
251 2232 318 2283 Vulgo
325 2246 440 2285 >quaequam
445 2246 452 2276 ,-
466 2233 519 2267 [unt.
530 2243 648 2281 quenquam.
675 2231 736 2270 eonf.
748 2233 812 2270 etiam

93 2277 148 2329 adl,
162 2277 207 2320 429.

146 2344 171 2383 V.
181 2345 227 2383 511.
253 2344 312 2383 abest
322 2359 334 2385 a
343 2344 410 2396 Lugd.
423 2346 441 2384 1.
452 2346 471 2384 2.
480 2342 540 2396 ‘Bodt
551 2329 599 2382 Ver.
608 2344 666 2391 ten„
682 2345 704 2381 'et
714 2344 736 2382 iu
751 2346 811 2384 Cant.

93 2401 142 2445 post
151 2408 170 2433 v.
181 2396 227 2435 519.
239 2397 330 2446 ponitur,
344 2399 399 2434 unde
407 2396 467 2436 Wak.
476 2395 593 2442 suspicatur
607 2396 692 2442 „fetum
701 2401 744 2433 esse
755 2398 810 2447 glos·

94 2446 168 2486 saturis
185 2446 339 2498 adulterinum,
355 2454 418 2500 atque
430 2447 483 2488 adeo
499 2445 648 2505 eliminandum
653 2448 680 2496 ;“
700 2447 756 2500 quod
767 2460 811 2486 non
