1690 2654
55 67 109 101 mv
204 99 208 102 ,
305 55 529 128 1111111110.

57 169 104 216 fuit
113 163 251 228 coniuncta,
265 172 343 214 ut'me
353 165 460 215 omnihus
472 171 496 215 iu
509 186 537 216 ea
547 171 722 218 satisfacturum
734 173 773 218 rix

52 242 158 293 sperare·
169 248 269 294 possem.
303 234 329 278 si
339 237 416 278 autem
429 249 509 279 rernm
521 240 568 290 est,
586 237 648 294 qnod
657 251 725 281 nemo
736 238 772 281 fa-

57 298 104 341 cile
113 298 221 354 negabit,
237 296 323 342 iustam
334 300 359 341 et
372 297 482 343 idoneam
496 299 621 343 verborum
635 299 773 350 'distinctio-

56 374 110 404 nem
126 362 156 405 ad
167 360 271 417 singulos
288 360 428 419 scriptorum
443 361 506 407 locos
524 366 589 407 reete
605 361 772 417 intelligendos
838 391 840 406 2

56 424 142 467 mirum
157 428 267 482 quantum
285 421 406 481 conferre,
423 425 478 469 huie
495 426 570 469 etiam
583 425 620 468 rei
635 424 772 480 diligentem

56 500 152 545 operam
166 487 296 531 navandam
311 487 386 531 fuisse
402 491 486 546 sponte
497 491 599 547 apparet.
631 488 772 545 Neutiquam

56 550 153 593 enimin
164 564 191 593 eo
202 550 384 608 interpungendi
392 551 470 608 modo,
486 565 554 609 qnam
565 551 656 609 priores
666 551 770 595 editores

55 612 224 667 adhibuerunt,
233 614 389 671 acquiescere,
404 613 505 666 omnium
515 614 609 657 minime
618 627 673 657 vero
685 612 771 657 Wake-
838 646 842 653 .

55 675 194 720 fieldianam
205 676 364 733 distinguendi
369 676 484 720 rationem
490 677 554 721 haud
559 679 670 720 mutatam
677 689 771 720 serrare

55 738 130 793 licuit,
147 753 206 795 quae
215 742 306 782 tantum
317 738 392 796 abest,
408 743 434 782 ut
450 740 698 796 coguitionemsensus
711 738 770 783 faci-

55 800 140 845 liorem
156 801 256 856 reddat,
268 806 299 845 ut
309 801 422 845 lectorem
438 802 564 846 innumeris
581 806 605 846 et
620 816 715 860 prorsus
732 816 771 846 su-

55 865 152 923 perfluis
174 865 357 923 interpungendi
378 864 440 908 notis
461 864 574 923 impediat
596 868 620 908 et
640 866 770 923 perturbet.

56 927 107 983 Quo
124 927 181 985 viri,
198 927 256 971 alias
270 928 299 971 de
308 927 421 971 Lucretio
434 927 591 979 meritissimi,
607 928 713 986 exemplo
730 929 770 971 de-

55 990 167 1044 territus,
177 993 201 1033 et
211 990 272 1034 hane
287 991 426 1034 sententiam
440 994 562 1048 sequutus,
578 1006 645 1048 quam
657 989 770 1049 paucissi*

55 1067 93 1096 ma
103 1053 262 1109 distinguendi
275 1053 353 1110 signa,
369 1052 413 1096 sed
425 1057 478 1111 epto
489 1053 541 1096 loco
553 1054 641 1111 posita,
659 1053 770 1111 optimam

54 1116 136 1160 faeere
152 1115 377 1175 interpunctionem,
399 1116 457 1159 siin
470 1117 611 1160 contrarium
624 1116 701 1174 potius
712 1115 770 1160 inci-

55 1178 145 1223 dissem
154 1179 249 1237 vvitium,
267 1182 290 1222 et
304 1195 317 1222 a
329 1179 384 1223 riris
398 1179 472 1224 doctis
482 1179 507 1224 in
524 1179 690 1236 distinguendo
701 1178 769 1224 nimis

53 1256 138 1301 percus
154 1241 229 1287 fuisse
244 1250 364 1298 censetor,
380 1256 427 1287 non
440 1245 514 1300 esset,
538 1244 600 1301 quod
618 1242 770 1285 vehementer
837 1237 840 1243 '

53 1305 160 1349 mirarer.
189 1306 252 1359 ⁴Hoc
270 1308 348 1349 tamen
360 1305 500 1363 vituperium
521 1321 558 1350 me
575 1306 708 1360 auditurum
723 1318 769 1349 non

54 1382 152 1424 vereor3
174 1368 283 1413 obstante
298 1368 337 1431 rel
352 1369 403 1426 ipsa
419 1368 538 1413 scribendi
553 1365 701 1426 singulisque
716 1381 769 1411 sen·

53 1431 141 1476 tentias
152 1432 261 1476 nectendi
270 1432 369 1486 ratione,
385 1445 453 1489 quam
465 1432 490 1475 in
499 1431 604 1476 Lucretii
614 1431 717 1475 carmine
729 1430 769 1474 de-

52 1494 233 1554 prehendimus,
250 1498 273 1539 et
290 1509 361 1553 qnae,
378 1494 521 1554 quantumvis
537 1494 616 1553 cupias
635 1496 659 1538 et
677 1492 768 1549 nitaris,

53 1559 134 1616 paucis
150 1559 221 1602 modo
235 1558 418 1616 interpungendi
431 1558 493 1602 notis
507 1561 641 1602 contentum
658 1569 769 1601 essenon
835 1550 838 1565 '

13 1656 24 1668 a
54 1621 150 1680 petitum
181 1621 247 1665 Haec
264 1621 315 1679 ipsa
328 1634 384 1664 rero
401 1619 542 1665 Lucretiana
559 1620 645 1676 oratio,
660 1622 698 1663 tot
715 1632 769 1664 con-

54 1685 196 1728 structiones
210 1684 338 1742 implicitae
355 1686 379 1727 et
392 1686 532 1737 contortae,
541 1686 577 1726 tot
588 1682 680 1741 periodi
695 1682 768 1725 iuter-

54 1750 138 1805 ruptae
153 1751 177 1790 et
188 1746 258 1804 longe
270 1746 369 1790 inferius
383 1747 475 1790 demum
487 1745 647 1800 continuatae,
663 1747 699 1788 tot
716 1758 768 1788 sen-

41 1841 43 1844 -
54 1811 144 1854 tentiae
155 1810 179 1854 in
190 1809 328 1869 parenthesi
337 1811 452 1866 in'sertae,
468 1812 505 1852 tot
517 1809 681 1863 insolentiores
698 1808 768 1852 adeo-

55 1887 101 1931 que
110 1874 184 1917 mirae
192 1869 385 1931 transpositiones
395 1873 532 1928 verborum,
549 1868 768 1928 universaldenique

43 1936 281 1981 ,demonstrationum
296 1936 512 1996 philosophicarum
527 1934 618 1979 indoles
637 1937 661 1978 et
677 1937 769 1995 natura,

56 2000 116 2044 haec
132 1998 209 2044 omnia
223 2001 342 2058 propriam
355 2000 408 2043 fere
424 2002 448 2043 et
460 2013 542 2053 nquam
553 1997 684 2054 efflagitant
694 1997 770 2040 inter-

55 2062 175 2122 pungendi
190 2063 314 2120 rationem,
338 2076 435 2119 eamque
449 2061 514 2105 haud
527 2061 607 2119 paucis
623 2059 770 2112 difficultati,

55 2128 99 2172 hus
117 2125 268 2184 impeditam3
291 2127 316 2170 in
333 2141 376 2185 qua
391 2125 538 2177 restituenda
553 2123 574 2168 si
588 2123 653 2167 sorte
669 2125 695 2166 ut
710 2123 769 2166 mihi
833 2166 840 2182 λ

55 2190 112 2248 ipsi,
129 2190 163 2233 sie
180 2189 263 2247 peritis
283 2190 353 2233 etiam
368 2189 453 2232 harum
467 2202 547 2231 rerum
561 2187 677 2231 iudicibus
692 2186 768 2230 minus

56 2252 225 2308 satisfecerim,
247 2253 318 2310 ipsius
336 2253 372 2295 rei
389 2252 531 2296 difficultate
546 2250 636 2306 fretus,
652 2249 769 2294 mitiorem

56 2318 122 2361 certe
132 2315 340 2375 reprehensionem
351 2330 448 2373 sperare
458 2314 541 2359 audeo.
679 2325 680 2329 ’

88 2401 91 2406 -
121 2379 154 2424 Ut
169 2379 268 2437 denique
278 2385 302 2423 et
313 2379 427 2437 reliquam
441 2377 517 2430 libelli
530 2378 609 2423 dotem
620 2376 727 2441 breviter
735 2378 769 2420 et·
