1690 2654
278 44 501 97 PRAEFATw.
682 11 683 14 ¹
705 56 750 90 xxv

33 169 129 229 tingam,
146 165 367 228 disputatiunculam
380 164 410 210 de
423 164 471 208 vita
486 165 511 207 et
522 159 631 207 carmine
637 159 750 214 Lucretii,

34 231 109 296 (quae
121 233 219 291 plurima
235 228 480 274 debet.'Eichstaedtii
497 225 648 271 doctissimae
665 224 704 269 his
719 226 760 269 de

33 297 104 340 rebus
122 290 338 353 commentationi,)
358 291 462 347 itemque
479 293 627 348 conspectum
642 287 750 333 codicum

34 359 154 415 hucusque
176 355 337 400 adhibitorum
358 355 390 395 etv
403 352 580 410 praecipuarum
606 351 749 408 editionum,

34 437 86 467 cum
101 419 239 464 brevissimo
257 416 288 459 de
303 415 332 460 iis
349 415 437 458 iudicio
453 414 614 470 coniunctum,
638 417 662 457 et
680 426 749 470 argu-

33 485 112 528 menta
123 481 267 538 singulorum
277 478 400 533 librorum,
409 481 474 534 quae,
486 490 515 520 ex
525 475 683 520 Eichstaedtii
698 477 749 522 edi-

33 547 98 590 tione
112 544 241 602 descripta,
256 541 282 584 in
294 541 375 584 fronte
387 539 496 584 carminis
514 538 647 595 colligenda
661 540 749 594 curavi,
769 569 771 573 -

32 622 80 654 nou
95 621 191 666 prorsus
207 605 336 664 superfluas
355 602 502 646 accessiones
517 601 646 656 iudicatum
662 601 693 644 iri
710 615 749 645 su-

33 672 117 730 spicor.
149 669 241 714 indices
257 681 336 711 rerum
348 669 372 710 et
385 665 509 709 verborum
520 663 662 719 subiungere
671 664 691 708 si
701 666 749 709 sta-

33 735 77 778 tim
87 733 115 778 ab
127 732 195 776 initio
205 731 230 775 in
241 730 317 774 animo
329 728 478 785 habuissem,
495 741 551 771 sane
565 741 611 772 uon
623 741 679 785 opus
689 726 749 783 fuis·
794 773 797 776 a
827 741 829 745 “

34 800 83 853 set,
100 799 128 839 ut
138 795 240 840 lectores
252 796 301 836 tam
313 806 384 849 saepe
394 791 425 834 ad
436 791 524 836 similes
535 790 613 847 locos,
631 789 668 833 vel
679 795 749 837 antea

34 859 174 918 explicatos,
191 856 228 900 vel
241 858 324 914 postea
335 855 484 911 tractandos,
500 852 619 911 respicere
632 852 748 909 iuberem,

32 922 150 966 interdum
161 934 216 963 vero
231 918 302 961 etiam
317 932 357 961 res
373 917 420 960 iam
432 917 490 959 alibi
509 917 627 973 expositas
643 915 748 969 breviter

33 987 176 1042 repeterem3
193 995 252 1039 quae
270 973 362 1037 quidem
379 979 455 1021 omnia
471 993 524 1022 cum
541 977 619 1036 aliquo,
632 977 748 1037 lectorum

32 1045 178 1091 incommodo
190 1043 311 1087 coniuncta
325 1054 377 1084 esse
388 1053 434 1085 non
445 1040 557 1085 diffiteor.
590 1040 639 1085 Sed
649 1040 702 1098 quia
711 1041 751 1086 in-v

33 1107 109 1153 stituti
121 1103 281 1150 Teubneriani
291 1117 341 1148 mos
353 1107 376 1148 et
388 1103 538 1161 consuetudo,
550 1102 627 1148 adhuc
637 1103 662 1147 iu
673 1105 747 1148 omui

11 1179 13 1183 ’
28 1161 75 1215 bus
85 1169 225 1227 scriptorum
236 1167 382 1225 antiquorum
392 1166 534 1211 editionibus
546 1169 646 1222 servata,
654 1166 746 1211 indices
772 1167 774 1171 ’

32 1232 159 1277 excludere
168 1231 299 1287 videbatur,
320 1230 350 1273 ad
362 1243 420 1286 eam,
436 1244 503 1287 quam
513 1229 583 1273 modo
595 1229 656 1284 dixi,
672 1229 746 1273 ratic·

31 1309 84 1339 nem
94 1293 274 1351 confugiendum
282 1295 339 1337 erat.
356 1292 484 1336 Nuncvero
490 1292 558 1349 quum
566 1291 745 1337 commentarius

31 1353 745 1416 paullocopiosiorfactusesset,Teubnerus,utesthonestis-
789 1400 791 1404 ,
829 1388 830 1391 ¹

32 1420 94 1479 simo
102 1419 198 1464 consitio
212 1421 236 1461 et
245 1417 403 1477 promtissima
413 1417 543 1474 voluntate,
559 1418 653 1462 brevem
664 1431 745 1462 rerum

31 1483 57 1526 in
72 1481 256 1526 annotationibus
275 1480 445 1526 occurrentium
462 1480 564 1533 indicem
576 1495 614 1525 me
625 1480 744 1527 subiicere

24 1544 192 1588 ¹lubentissime
203 1546 240 1588 est
249 1557 339 1601 passus.
370 1543 492 1587 Addendis
502 1543 527 1588 iu
539 1542 603 1587 calce
612 1543 668 1588 libri
679 1543 743 1587 adie-

30 1607 74 1651 ctis
87 1620 143 1664 opus
158 1606 234 1650 tuisse
250 1606 333 1661 doie0;
357 1604 401 1650 sed
414 1619 484 1663 quum
501 1606 552 1650 dies
569 1606 632 1650 diem
651 1606 743 1661 doceat,

29 1669 126 1713 meliora
138 1669 252 1727 quaedam
263 1672 302 1712 aut
314 1669 429 1724 certiore,
443 1669 506 1714 inter
521 1668 672 1714 scribendum
683 1668 744 1716 mihi

29 1732 114 1788 oblata,
125 1732 201 1789 potius
214 1732 239 1776 in
248 1732 371 1777 Addendis
383 1745 505 1789 reponere,
521 1746 588 1789 quam
595 1746 692 1791 prorsus
703 1746 742 1776 re-

30 1793 102 1838 ticere
111 1793 185 1838 visum
195 1797 237 1839 est.
269 1794 381 1850 Accedit,
397 1795 459 1852 quod
470 1794 588 1853 opusculo,
604 1798 630 1838 ut
640 1795 679 1850 iit,
697 1795 741 1844 s'ub

29 1857 134 1901 manibus
153 1857 212 1901 mihi
228 1860 391 1914 excrescente,
407 1858 466 1902 fines
480 1858 508 1902 ab
519 1857 586 1901 initio
601 1858 741 1903 constitutos

29 1923 111 1976 postea
126 1920 213 1964 inscius
225 1921 284 1964 fere
294 1921 364 1965 latius
381 1921 481 1982 protuli3
506 1933 578 1977 quare
592 1920 701 1964 nonnulla
716 1920 741 1965 in

28 1982 146 2039 prioribus
158 1984 226 2028 libris
237 1984 342 2028 consulto
353 1983 446 2041 omissa,
463 1996 560 2042 quorum
570 1983 655 2027 similia
665 1984 691 2026 in
698 1997 740 2041 po-

29 2046 167 2090 stericribus
177 2046 245 2090 libris
257 2060 303 2091 non
314 2045 501 2105 praeteriissem,
517 2047 644 2090 constantis
656 2061 740 2103 aequa-

29 2104 127 2152 bilitatis
139 2123 209 2154 causa
218 2110 258 2155 hic
268 2109 377 2169 supplere
389 2108 516 2153 consultius
527 2108 658 2153 ridebatur.
675 2109 740 2166 Quae

29 2171 55 2212 ut
63 2168 171 2230 lectores,
187 2173 321 2232 priusquam
333 2172 396 2216 libro
405 2175 507 2228 utantur,
524 2171 571 2216 suis
582 2172 640 2217 locis
650 2172 740 2217 insere-

29 2242 56 2275 re
66 2232 194 2280 reluctare
203 2237 285 2289 velint,
296 2236 342 2280 hoc
353 2237 397 2291 est,
410 2234 472 2291 quod
482 2234 647 2279 humanissime
657 2247 722 2291 rogo.

71 2330 73 2333 .
91 2294 186 2354 Restat,
202 2302 229 2342 ut
244 2300 317 2358 pauca
333 2298 445 2356 quaedam
461 2297 517 2341 vitia
531 2297 739 2355 typographicam

28 2355 165 2412 corrigendo
176 2362 348 2423 praetermissa
359 2374 543 2407 commemorem.
575 2360 626 2407 utsi
642 2360 737 2409 enimin

57 2434 175 2467 cucurum.
569 2436 583 2470 c
