1690 2654
29 67 130 154 [122
256 87 608 134 vouraraanumaroan
654 146 658 149 κ
731 68 733 73 ’

133 195 224 244 allicere,
236 196 258 236 et
269 194 357 237 oelidnm
369 196 475 245 membreis
488 199 559 239 afflare
570 208 673 252 vaporem,
696 229 697 232 ,

132 248 165 285 Nil
177 247 248 286 missus
257 248 368 288 vintervallis
381 251 406 288 de
419 263 502 300 corpore
513 252 587 291 librant
634 275 636 277 v

77 296 119 338 ,5Ῐο
133 299 277 345 Flammarum,
290 300 342 340 nihil
354 302 380 339 ad
392 302 477 352 speeiem
489 307 519 342 est
531 302 650 349 contractior
662 305 720 357 ignis.

22 355 24 357 '
132 350 225 398 Proinde,
238 353 293 390 calor
306 352 399 401 quoniam
413 353 460 394 solis
472 354 577 405 lumenque
590 358 695 405 profusum

131 402 252 442 Perveniuut
263 407 340 443 nostros
354 405 465 454 adsensus,
478 411 497 446 et
508 407 555 447 loca
566 407 655 458 fulgent3

130 453 205 492 Forma
217 467 295 504 quoque
307 455 355 500 hinc
368 457 414 498 solis
427 458 484 496 debet
496 458 590 509 filumque
602 458 673 507 videri,

39 554 41 556 Ι
132 504 167 544 Nil
179 506 228 544 adeo
241 512 264 545 ut
276 507 339 556 possis
351 509 401 557 plus,
414 513 449 548 aut
461 509 531 558 minus,
545 510 615 549 addere
627 523 681 556 vera.

80 555 130 601 575'
160 558 261 607 Lunaque,
273 558 316 596 sive
326 561 387 598 notho
400 562 463 606 fertur
474 562 520 600 loca
531 561 606 600 lumine
617 563 709 613 lustrans,

134 608 183 647 Sive
195 621 231 647 suo
243 610 323 659 proprio
335 611 396 649 iaetdt
409 613 433 650 de
446 624 531 662 corpore·
540 613 618 661 lnoem;

90 665 91 668 ’
134 660 235 709 Quidquid
247 662 268 698 id
281 665 316 708 est,
326 662 392 700 nihilo
404 664 467 701 fertur
479 662 554 701 maiore
568 664 642 713 figura,

133 713 200 759 Quam
212 711 294 749 nostreis
306 713 386 761 aculeis,
400 726 439 763 qna
452 713 555 761 cernimus,
568 725 610 752 esse
622 714 707 755 ridetur.
743 741 745 744 -

131 763 184 802 Nam
196 762 251 810 prius
264 763 337 810 omnia,
350 775 400 812 quae
411 765 471 813 longe
484 767 558 803 semota
572 767 651 805 tuemur

79 814 121 857 580
132 814 185 852 Aina
196 825 232 862 per
244 814 336 861 multum,
350 814 415 863 specie
423 815 509 854 'confusa
524 815 622 864 sidentur,

132 866 197 914 Quam
209 864 273 903 minui
284 865 353 904 filum:
362 870 486 916 'quapropter
497 866 547 905 luna
559 880 642 916 necesse
649 871 685 917 est,

131 916 384 965 Quandoquidemelarom
396 918 481 967 speeiem
494 921 610 967 certamque
617 920 704 971 liguram

130 969 222 1014 Praebet,
234 972 258 1007 ut
270 972 299 1007 est
310 968 350 1007 oris
363 969 458 1007 extremis>
468 975 630 1019 quoque'notata,

132 1020 249 1070 Quantaque
259 1025 335 1071 quanta
348 1024 384 1068 est,
396 1021 443 1059 lrine
456 1020 511 1059 nobis
524 1020 623 1067 videatur,
635 1021 657 1060 in
667 1022 717 1068 alto.

79 1069 120 1111 585
170 1072 281 1118 Postremo,
293 1084 440 1122 quosquumque
452 1072 507 1111 vides
519 1072 567 1110 hine
579 1072 665 1112 aetheris
676 1072 748 1124 igneis,

132 1122 301 1171 Quandoquidem,
314 1129 460 1172 quosquomque
472 1124 493 1162 iu
505 1124 563 1162 terris
576 1124 673 1163 ceruimus
685 1125 760 1175 igneis,

133 1175 188 1212 Dum
200 1178 274 1211 tremor
286 1178 317 1211 est
329 1176 400 1222 clarus,
412 1175 459 1223 dum
472 1174 558 1213 cernitur
571 1175 630 1221 ardor
642 1187 723 1222 eorum,

133 1227 256 1274 Perparvam
267 1224 361 1274 quiddam
371 1225 471 1264 interdum
482 1228 560 1265 mutare
572 1225 661 1266 ‘ridetur'

132 1275 221 1316 Alteram
233 1279 299 1314 unam
310 1276 332 1313 in
344 1280 420 1325 partem
430 1276 495 1323 filum,
509 1288 547 1324 quo
559 1276 639 1326 longius
651 1277 723 1326 absit}

79 1323 121 1368 59⁰
133 1328 189 1366 Scire
201 1327 254 1376 licet,
266 1339 361 1376 perquam
373 1326 462 1377 pauxillo
475 1339 532 1377 posse
544 1327 630 1368 minores

132 1380 186 1427 Esse,
199 1379 233 1416 vel
244 1378 318 1429 exigua
329 1378 414 1417 maiores
426 1382 482 1427 parte
494 1378 596 1428 brevique.
625 1423 628 1427 .
670 1425 672 1428 y

158 1430 210 1477 lllnd
222 1429 271 1468 item
283 1442 322 1468 nou
334 1434 364 1469 est
375 1430 494 1479 mirandum,
507 1442 546 1478 qna
557 1429 635 1468 ratione
691 1447 693 1450 ·

132 1482 231 1531 'santulus
243 1481 278 1520 ille
289 1485 347 1530 queat
360 1482 477 1525 tautumsol
489 1481 568 1519 mittere
579 1481 653 1526 lumen,

46 1574 47 1577 ,
131 1534 190 1581 Quod
202 1533 266 1572 marla
279 1545 303 1571 ae
315 1538 377 1577 terras
389 1532 464 1574 omneis
476 1533 592 1581 coelumque
603 1530 687 1582 rigaudo

80 1583 120 1626 595
133 1585 349 1634 ὒοωρίοειὲ,“εῐ·οῇ1ἰᾱο
363 1584 468 1633 perfundat
480 1587 550 1622 cuneta
563 1594 644 1632 vapore,
664 1626 670 1634 „

131 1636 184 1675 Nam
195 1636 241 1673 lieet
252 1635 300 1673 hine
312 1636 382 1673 mundi
392 1636 513 1684 patefactum
525 1634 586 1682 totius
600 1645 661 1672 uuum

131 1686 258 1738 Largifluum
270 1687 345 1724 fontem
356 1690 439 1733 scatere,
450 1689 624 1734 atqueerumpere
636 1686 716 1733 lumen3

133 1739 164 1776 Ex
176 1736 230 1776 onmi
241 1738 315 1786 mundo
326 1736 373 1787 quia
385 1737 414 1775 sic
426 1736 523 1782 elementa
535 1735 617 1786 vaporis
629 1776 637 1780 ,,

133 1790 224 1839 Undique
236 1788 358 1837 conveniunt,
372 1788 433 1830 etsie
446 1788 544 1827 eoniectus
557 1797 626 1826 eorum
703 1835 706 1839 ¹

81 1839 122 1880 ooo
134 1840 227 1887 Confluit,
240 1853 265 1878 er
276 1852 316 1878 uuo
331 1839 395 1889 eapite
405 1839 440 1877 lrie
451 1843 474 1877 ut
485 1839 572 1889 profluat
582 1839 649 1876 ardor·
709 1876 711 1878 .

132 1892 201 1931 Nonne
212 1891 268 1931 vides
280 1891 347 1940 etiam,
360 1904 421 1940 quarn
432 1891 473 1929 late
485 1902 561 1940 parius
575 1890 634 1938 aquai
683 1930 685 1932 ,
773 1891 780 1898 ”

132 1945 194 1983 Prata
205 1942 257 1993 riget
269 1944 313 1982 fons
325 1943 432 1994 interdum,
445 1940 559 1991 campisque
570 1939 684 1979 redundet?-

145 2029 148 2033 .
158 1997 195 2034 Est
207 1996 267 2033 etiam
280 2006 364 2043 quoque,
378 1994 408 2032 uti
419 2003 544 2043 nonmagno
557 1992 604 2031 solis
616 1993 641 2031 ab
653 1991 697 2043 igni

127 2047 185 2085 nera
197 2046 294 2096 percipiat
306 2045 376 2084 calidis
388 2046 500 2083 fervoribus
513 2044 583 2093 ardor3
616 2074 618 2076 .
684 2088 686 2091 Ι

82 2096 121 2137 605
134 2098 260 2149 opportunus
272 2097 301 2136 ita
313 2101 342 2136 est
350 2096 372 2134 'si
383 2098 435 2135 forte
448 2101 468 2135 et
479 2096 559 2133 idoneus
571 2096 612 2142 adr,

132 2151 160 2187 lJt
173 2153 231 2199 queat
243 2149 329 2196 acuendi,
341 2147 408 2198 parvis
420 2147 523 2198 ardoribus
535 2147 594 2185 ietus:

134 2201 191 2248 Quod
203 2203 265 2251 genus
276 2200 374 2243 interdurn
387 2202 463 2250 segetes
475 2197 606 2252 stipulamque
617 2198 707 2237 videmus
750 2227 752 2230 ψ

133 2252 230 2289 Accidere·
238 2265 262 2290 ex
274 2265 314 2290 una
325 2251 412 2290 scintilla
423 2249 514 2287 incendia
526 2249 605 2297 passim.
715 2251 719 2256 '

160 2302 250 2341 Forsitan
263 2308 283 2341 et
294 2316 350 2342 rosea
362 2303 392 2341 sol
404 2302 444 2340 alte
456 2301 547 2349 lampade
558 2302 624 2340 lueens
696 2348 699 2351 ῃ
731 2318 732 2321 ’

81 2353 121 2395 ulo
133 2353 235 2392 Possideat
247 2355 333 2393 multmn
346 2353 410 2393 caecis
422 2353 533 2391 fervoribus
546 2352 613 2404 ignem

133 2406 252 2452 Gireumse,
263 2407 319 2444 nullo
332 2406 366 2456 qui
378 2406 403 2444 sit
415 2405 494 2454 fulgore
505 2407 589 2452 notatus,

133 2457 220 2497 destiter
231 2456 252 2495 in
264 2461 339 2497 tantum
350 2458 452 2507 mdiorum
464 2460 560 2507 exaugeat
571 2456 639 2500 ictum.
