1690 2654
125 47 157 94 12
314 50 356 92 oa
373 51 655 117 eneruauerunt

177 160 197 200 Is
208 159 268 210 porro
279 158 381 210 quamtis,
393 159 468 199 circum
479 160 609 201 celerantibus
618 160 678 210 auris,

178 213 280 259 Confluat,
292 212 347 250 haud
358 212 431 263 poterit
441 217 558 252 tamennno
570 217 659 265 tempore
670 216 734 254 totum

125 261 166 304 390
178 263 278 314 Compleri
285 264 382 313 spatium:
394 277 442 303 nam
449 264 537 314 primmn
547 279 645 316 quemque
654 279 733 306 necesse
746 271 775 307 est

178 315 266 369 Occupet
277 315 312 354 ille
323 316 404 365 locum,
418 316 488 356 deiude
498 318 565 356 omnia
574 318 716 368 possideantur.
754 331 760 342 r

203 368 263 417 Quod
272 367 290 405 si
297 369 350 406 forte
361 368 444 418 aliquis,
460 380 520 419 quom
527 381 610 420 corpora
620 369 729 417 dissiluere,

176 418 231 459 rl¹u111
241 420 329 469 putatvid
341 421 402 468 fieri„'
410 420 458 470 quia
467 434 493 459 se
501 422 616 460 condenseat
629 423 670 469 adr,

177 471 248 511 Errat:
257 484 305 511 nam
312 485 398 512 vacnum
407 476 451 512 tum
462 473 499 521 fia·
507 474 559 524 quod
569 482 609 513 non
620 474 726 522 irritante,v

125 520 165 562 395
176 524 202 562 Et
214 524 303 573 repletur
311 525 365 573 item,
377 537 463 564 vacuum
475 526 527 576 quod
534 525 621 568 constitit
631 529 687 573 aute;
714 564 716 566 ,

178 576 220 615 Nec
230 576 270 615 tali,
278 577 354 615 ratione
365 581 431 627 potest
440 578 538 616 denserier
547 581 589 626 adr,

177 627 238 675 Nec‚'
245 627 262 666 si
273 628 314 667 iam
323 633 398 677 posset,
411 629 452 667 sine
462 629 518 667 inani
526 634 603 678 posset,
616 628 691 677 opinor,

178 680 222 729 lpse
233 678 255 718 in
265 692 286 719 se
293 679 385 727 achera
400 683 420 719 et
428 679 502 730 parteis
513 679 621 726 conducere
632 680 654 719 in
662 693 730 720 unum.

178 732 313 781 Quapropter,
327 731 417 781 quamvis
428 732 526 770 causando
535 733 599 770 multa
609 731 699 780 mereris,

124 780 166 821 400
178 784 227 822 Esse
232 782 253 820 in
261 784 320 821 rebus
329 784 388 821 inane
399 787 465 821 tamen
474 784 549 821 fateare
558 785 638 821 neeesse
646 787 681 822 est.

202 834 306 884 Multaque
315 839 418 884 praeterea
425 833 469 873 tibi
475 848 555 884 possem
563 837 734 884 commemorando

177 885 299 938 Argumenta
306 887 366 925 fidem
377 886 444 927 dicteis
455 887 561 934 conradere
571 886 665 925 nostreis:

177 939 251 976 Verum
262 939 328 976 animo
338 938 386 976 satis
394 939 446 976 haec
453 938 540 990 aestima
547 950 610 989 parva
618 937 686 989 sagaci

178 989 239 1038 Suntq
252 1004 288 1040 per
297 1003 348 1039 quae
356 989 418 1039 possis
430 1003 551 1041 cognoscere.
561 995 627 1028 cetera
636 993 684 1028 tute.

125 1038 166 1081 405
179 1042 269 1091 Namque
277 1054 335 1081 canes
346 1046 368 1081 ut
376 1042 504 1093 montivagae
514 1054 607 1091 persaepe
617 1042 668 1081 ferai

145 1093 148 1096 ’
177 1094 263 1135 Naribus
273 1093 376 1132 inveniunt
383 1093 466 1132 intectas
475 1094 545 1132 frunde
555 1094 636 1143 quietes,

178 1146 244 1194 Quom
252 1147 313 1184 semel
322 1145 434 1184 institerunt
443 1145 591 1197 vestigiacerta
600 1145 642 1183 viai
647 1158 653 1183 ε

178 1198 212 1237 Sic
220 1198 262 1237 alid
270 1211 294 1237 ex
302 1196 342 1236 alia
351 1211 388 1246 per
398 1202 417 1236 te
427 1201 469 1236 tute
478 1198 520 1246 ipse
529 1197 597 1235 ridere

178 1249 262 1289 Talibus
272 1250 294 1289 iu
304 1250 364 1288 rebus
370 1249 443 1299 poteris
449 1277 455 1296 ,
468 1261 575 1298 caecasque
583 1247 671 1286 latebras

2 1288 4 1322 l
57 1343 59 1346 .
126 1300 166 1339 410
176 1302 278 1346 insinuare
287 1301 378 1348 omneis,
387 1305 407 1340 et
417 1313 487 1340 verum
494 1301 610 1351 protrahere
621 1299 673 1338 inde.

203 1355 263 1404 Quod
272 1355 289 1393 si
299 1353 397 1405 pigraris,
407 1354 524 1403 paullumve
531 1352 633 1397 recesseris
643 1352 678 1389 alos
685 1361 717 1399 re,

177 1406 223 1446 Hoc
235 1406 273 1445 tibi
284 1406 309 1444 dc
318 1407 379 1456 plano
388 1417 469 1454 possum
479 1404 607 1454 promittere,
620 1403 717 1442 Memmi:

177 1459 244 1508 Usque
255 1458 377 1509 adcolargos
386 1457 469 1496 haustus
477 1469 489 1495 e
498 1455 582 1495 fontibn’
589 1454 668 1505 magnis

178 1511 256 1561 Lingua
265 1522 310 1548 meo
319 1509 386 1548 suavis
397 1509 434 1547 diti
445 1509 557 1558 depectere
566 1507 641 1554 fundet,

126 1561 166 1603 415
177 1564 207 1602 Ut
214 1571 297 1610 verear,
309 1575 335 1600 ne
344 1562 402 1600 tarda
412 1560 466 1611 prius
475 1573 511 1610 per
519 1560 610 1598 membra
621 1559 710 1598 senectus

178 1615 262 1664 Semel,
274 1617 295 1652 ct
305 1613 326 1651 in
334 1613 391 1652 nobis
401 1614 450 1650 vitai
461 1613 547 1650 claustra
556 1612 649 1656 resolvat,

179 1667 245 1716 Quam
253 1664 291 1704 tibi
299 1665 324 1704 de
335 1663 406 1714 quavis
416 1676 456 1702 una
465 1676 489 1702 re
497 1662 587 1701 versibus
596 1661 661 1701 omnis

125 1759 130 1767 ,Ἴ
178 1719 345 1770 argumentorum
354 1717 380 1755 sit
390 1715 451 1766 eopia
457 1714 517 1754 missa
525 1727 561 1765 per
570 1714 640 1753 aureis.
693 1755 695 1759 ¹
705 1729 707 1731 ·

179 1771 218 1809 Sed
228 1783 290 1818 nuuc,
304 1772 326 1807 ut
333 1772 420 1818 repetam
429 1771 521 1817 coeptum
529 1769 633 1817 pertexere
639 1762 703 1804 dicae

126 1820 166 1861 420
205 1822 284 1865 Omnis,
297 1825 320 1859 ut
330 1824 370 1867 est,
383 1819 446 1871 igitur
451 1832 488 1869 per
497 1831 519 1857 se
525 1821 596 1857 natura
604 1816 682 1857 duabus

176 1873 269 1913 ssonstitit
278 1873 300 1911 iu
309 1873 379 1911 rebus:
391 1884 439 1910 nam
446 1882 529 1920 corpora
537 1874 591 1916 sunt,
603 1873 624 1907 et
633 1868 699 1913 inane,

177 1928 233 1966 Haec
240 1926 262 1965 in
274 1936 313 1975 quo
324 1924 425 1972 siranus,
436 1926 459 1963 ,et
470 1921 601 1972 qrauivorsa
609 1922 720 1958 moventur.

124 1980 126 1982 ’
178 1979 253 2027 Corpus
263 1977 317 2016 enim
325 1989 390 2027 perse
401 1974 510 2014 commmris
518 1973 596 2011 dedicat
604 1982 645 2009 esse
660 2019 666 2030 ·
771 2015 776 2026 .

179 2030 262 2069 Sensust
274 2027 371 2078 quoi‘nisi
377 2027 444 2076 prima
450 2026 499 2064 fides
506 2025 590 2063 fundata
599 2021 682 2069 valebit,
746 2044 748 2047 ψ

126 2073 166 2121 425
178 2082 239 2122 Haud
255 2081 302 2129 erit,
315 2080 396 2119 occultis
407 2079 431 2116 de
441 2078 546 2125 rebusque
554 2076 661 2114 relerentes

178 2134 299 2172 Confirmare
308 2132 384 2171 animos
396 2129 504 2181 quidquam
512 2127 589 2167 ratione
599 2134 699 2175 queamus.

178 2187 233 2226 Tum
242 2197 302 2235 porro
309 2186 375 2231 locus,
388 2195 412 2221 ac
423 2180 518 2232 spatium,
532 2180 585 2230 quod
593 2178 651 2216 inane
658 2187 759 2227 vocamus,

178 2238 204 2278 Si
213 2237 289 2277 nullum
298 2237 362 2284 foret,
373 2235 429 2274 haud
439 2245 539 2283 quaquam
548 2231 587 2271 sita
596 2241 678 2280 corpora
688 2231 767 2280 possent

176 2292 236 2338 Esse,
246 2301 310 2337 neque
320 2287 399 2326 omnino
407 2298 507 2336 quoquam
513 2284 592 2322 divorsa
601 2294 679 2321 meare:
698 2296 700 2299 ⁴

126 2341 166 2383 430
177 2343 200 2384 ld
210 2340 313 2392 quodiam
322 2352 381 2390 supra
390 2338 502 2388 tibipaulle
513 2334 632 2375 ostendimus
642 2339 694 2374 ante.
716 2375 717 2378 Ἴ

203 2395 310 2433 Praeterea
318 2392 369 2430 nihil
378 2394 417 2437 est,
431 2389 483 2439 quod
490 2387 554 2439 possis
561 2386 630 2425 dicere
639 2387 665 2425 ab
674 2383 729 2425 omni

180 2446 268 2498 Corpore
278 2443 389 2486 seiunctum
400 2444 534 2491 secretumque
540 2452 583 2480 esse
594 2440 620 2479 ab
627 2437 694 2487 ,inaui3
