1690 2654
293 120 298 123 7
330 69 456 112 1111111
486 69 512 112 1.4

109 180 262 234 squamigerum
274 193 336 234 genus
349 184 370 221 et
379 181 486 228 volucrem·
493 191 597 231 erumpere
606 179 662 220 coelo

82 276 83 279 Ἴ
107 236 202 275 Armenta
215 239 273 284 atque
282 233 334 273 aliae
343 235 439 284 pecudes3
453 246 515 283 genus
526 242 584 272 omne
595 234 685 274 ferarum
720 241 723 245 '

106 287 184 326 Incerto
193 291 251 337 partu
260 287 313 325 culta
322 288 345 324 ac
353 286 430 324 deserta
438 285 535 324 tenerent=
576 333 577 336 Ἴ

107 339 149 379 Nec
160 340 235 377 fructus
247 339 301 375 idem
314 337 418 375 arboribus
429 337 618 386 constaresolcrent,
635 360 638 362 -
670 372 672 375 ,
727 371 729 373 ,

104 390 147 429 ,81111
160 393 292 427 mutarentur:
305 390 359 426 terre
370 400 437 426 omncs
448 387 514 426 omnia
526 393 610 437 possent.
676 413 677 416 =
701 423 703 426 .

108 442 195 491 Quippe,
210 441 244 478 ubi
254 452 294 479 nou
307 442 371 478 essent
379 438 475 490 genitalia
486 452 569 489 corpora
575 440 666 492 quoique,

108 493 148 542 Qui
158 495 223 542 posset
235 492 369 540 mater-rebus
383 491 488 530 consistere
501 491 571 529 certa?
597 533 599 536 .

103 545 134 583 'At
144 542 208 590 nunes,
221 544 329 582 seminibus
339 544 386 592 quia
393 542 456 597 ’certis
466 555 555 593 quaeque
565 547 663 593 creantur,

107 597 155 635 lude
163 595 260 634 enascitur
273 599 333 645 atque
345 604 390 633 oras
402 595 423 634 in
435 594 516 633 luminis
528 595 575 645 exit,
598 615 600 618 .
619 605 622 610 ·

80 689 82 693 ,
107 648 202 687 Materies
212 648 247 686 ubi
259 647 310 686 inest
322 647 430 699 quoiusque
442 646 642 698 etcorporapriulae
688 675 690 677 v

107 700 173 750 Atque
182 700 222 739 hae
234 712 256 739 re
268 704 366 749 noqueunt
378 712 402 739 ex
415 699 505 738 omnibus
517 699 583 738 omnia
593 699 658 753 gigni,

38 795 40 798 ¹
108 753 167 803 Quod
180 752 237 790 certis
248 752 268 790 in
281 753 339 791 rebus
349 752 400 790 inest
412 756 487 790 secreta
496 753 588 798 facultas.
633 764 635 766 ’

81 876 83 879 ·
107 854 170 895 Viteis
181 861 285 895 auctumno
295 856 352 895 fundi
363 857 456 897 suadente
467 855 569 903 videmus3
604 860 607 863 '

107 907 131 947 Si
142 921 191 956 nou,
206 912 260 949 certa
272 921 308 947 suo
319 908 365 958 quia
376 912 463 958 ternpore
475 908 550 947 semina
560 920 628 947 rerum

107 962 173 1009 Quom
184 961 327 1007 confluxerunt,
339 961 406 1009 patefit
414 962 567 1010 quodquomque
575 964 659 1010 creatur,
713 961 718 968 ⁸

107 1014 160 1051 Dum
171 1016 296 1063 tempestates
307 1012 389 1058 adsunt,
403 1016 422 1049 et
434 1012 502 1050 vivido
514 1010 573 1050 tellus

108 1064 163 1103 Tuto
176 1077 208 1102 res
220 1069 295 1102 teneras
308 1063 366 1102 effert
373 1063 395 1101 in
406 1063 486 1102 luminis
498 1063 557 1102 oras?

107 1116 194 1165 Quod-si
206 1116 230 1154 de
241 1116 305 1154 nihilo
316 1117 397 1168 fierent,
411 1116 477 1154 subito
485 1118 611 1163 exorerentur

106 1166 185 1207 Incerto
197 1168 270 1216 spatio,
284 1167 420 1217 atquealieuis
428 1167 517 1217 partibus
526 1168 583 1206 anni:
595 1177 604 1214 ζ
662 1187 667 1195 x

108 1220 187 1270 Quippe
197 1220 232 1258 ubi
242 1221 298 1259 nullu
309 1221 375 1270 forent
383 1220 505 1270 primordia,
519 1233 570 1270 quae
580 1219 664 1272 genitali

107 1272 195 1311 Concilio
204 1276 282 1322 possent
293 1272 356 1314 arceri
363 1277 454 1322 vtempore
462 1272 537 1322 iniquo.

133 1324 174 1364 Nec
184 1336 244 1373 porro
257 1324 351 1375 augendis
363 1324 422 1363 rebus
433 1324 497 1375 spatio
508 1325 560 1363 toret
569 1337 615 1364 usus
673 1366 675 1368 ,

107 1375 193 1415 Seminis
206 1377 230 1414 ad
236 1377 322 1424 coitum,
336 1389 347 1414 e
356 1376 419 1416 nihilo
429 1376 446 1415 si
456 1376 543 1414 erescere
553 1380 641 1426 possent..
662 1404 663 1407 =

107 1428 159 1468 Nam
169 1428 237 1468 fierent
245 1429 325 1468 iuvenes
332 1428 430 1475 sultitoex
442 1428 546 1467 infantibu⁷
556 1429 630 1479 parnis,

107 1482 124 1519 E
134 1486 236 1530 terraque,
250 1484 419 1528 exorta-reperta
429 1482 509 1520 arbusta
522 1481 608 1520 salirent.

107 1532 197 1580 Quorum
209 1532 238 1571 nil
247 1533 291 1571 fieri
301 1532 427 1571 manifestior
438 1536 479 1580 est,
492 1533 559 1571 omnia
569 1533 647 1583 quaudo
703 1533 705 1535 ’

106 1584 217 1623 Paullatim
225 1586 325 1639 crescunt,
337 1588 360 1623 ut
368 1588 448 1634 purast,
461 1584 535 1623 semiue
541 1591 608 1632 certo3
661 1620 663 1622 .

108 1637 328 1688 (immundoque-genus
338 1641 428 1680 seruant:
439 1640 463 1675 ut
472 1648 553 1687 noscere
566 1635 634 1687 possis

107 1688 249 1739 Quaequesua
262 1690 286 1727 de
298 1689 384 1728 materia·
390 1689 520 1741 grandescere
531 1689 603 1739 alique.

133 1742 182 1786 Huc·
189 1740 276 1789 aceedit,
289 1741 369 1780 utisine
378 1742 436 1780 certis
445 1741 542 1780 imbribus
554 1741 601 1781 anui

78 1803 85 1808 ’
106 1792 211 1832 Laetificos
221 1796 310 1842 nequeat·
317 1794 368 1833 fenus
377 1794 499 1833 summittere
510 1794 580 1832 tellus:
636 1805 638 1808 ·

106 1844 148 1884 Nec
158 1856 229 1894 porro3
242 1849 317 1883 secreta
328 1845 384 1893 cibo,
396 1850 468 1885 nutum
480 1845 603 1896 animantum

106 1897 225 1948 Propagare
233 1909 295 1947 genus
305 1897 365 1947 possit
378 1897 477 1948 vitamque
488 1897 548 1936 tueri:
583 1933 585 1935 .
607 1911 609 1918 ·

107 1949 135 1987 Ut
145 1950 210 1997 potius
219 1949 299 1987 multeis
312 1950 425 1997 communia
434 1949 587 1999 corporarehus

107 1998 172 2039 Multa
183 2004 239 2052 putes
247 2013 301 2056 esse,
314 2004 337 2040 ut
348 2002 424 2041 verbeis
433 2002 529 2040 elementa
538 2000 637 2050 videmus,

107 2053 173 2103 Quam
185 2053 227 2092 sine
236 2053 336 2103 principiis
347 2055 411 2093 ullam
417 2067 464 2094 rem
477 2054 560 2092 existere
571 2065 635 2103 possa.

132 2106 222 2155 Denique
229 2119 280 2156 quur
289 2105 378 2145 homiues
389 2110 453 2145 tantos
464 2110 534 2144 natura
545 2117 617 2155 parare

108 2155 152 2195 Non
161 2157 237 2208 potuit,
248 2158 330 2208 pedibus
340 2158 375 2208 qui
384 2163 465 2208 pontum
476 2171 512 2206 per
522 2158 576 2196 vada
584 2158 672 2207 possent
727 2163 728 2166 ’

108 2207 213 2257 Transire,
226 2214 246 2249 et
256 2222 339 2260 magnos
351 2212 442 2248 manibus
453 2209 547 2249 divellere
554 2209 647 2259 manteia

47 2293 49 2296 ,
107 2258 211 2311 Multaque
223 2262 308 2311 vivendo
317 2261 387 2301 vitalia
395 2255 474 2300 uincere
483 2262 546 2311 scela3

108 2309 131 2347 si
139 2324 189 2357 non,
202 2314 294 2353 materies
305 2314 351 2364 quia
359 2315 418 2352 rebus
428 2313 506 2353 reddita
515 2316 568 2353 certa
580 2315 610 2353 esl

108 2360 239 2421 (iignumleis,
253 2379 264 2404 e
274 2379 313 2416 qua
322 2370 397 2406 constat
407 2366 455 2416 quid
466 2365 595 2416 possit‘oriri?

108 2411 142 2450 ltu
154 2413 215 2472 igitur
222 2418 267 2456 lieri
278 2419 302 2457 de
312 2419 353 2457 nilo
361 2432 417 2469 posse
430 2419 531 2459 latendum
540 2422 579 2465 est}
604 2433 606 2436 ·
634 2419 636 2422 ’

77 2499 79 2501 .
109 2463 189 2504 Semele
199 2470 277 2516 quaudo
288 2483 337 2521 opus
346 2475 375 2512 cst
386 2472 454 2519 rebus,
467 2483 506 2522 quo
517 2477 607 2522 quaeque
616 2471 693 2509 creatae

133 803 251 851 Praeterea,
265 817 316 853 quur
328 817 375 843 vere
386 804 576 852 rosamslrumenta
587 804 660 852 calore,
698 815 700 817 ·
727 799 733 805 ’
761 802 778 814 ”
