1690 2654
240 33 602 91 uutr'ssnunentnunss
734 12 782 92 225
832 37 834 40 ’

65 159 93 196 ad
104 158 181 203 Sanctii
192 158 241 196 Min.
251 159 308 207 11‚3.
320 165 363 197 not.
374 161 392 199 6.
404 166 425 197 et
435 160 468 208 IV,
482 161 513 199 12.
523 166 566 196 not.
578 161 610 199 10.
623 153 781 196 Ruddim.1nst.

66 211 105 249 Gr.
116 212 147 256 Il.v
155 224 175 259 p.
187 212 230 251 120.
244 211 327 250 Ramsh.
341 211 379 249 Gr.
392 212 436 250 Lat.
450 212 466 262 ξ
477 213 515 251 112
527 217 548 249 et
558 210 599 248 alii.
674 258 675 261 Ἰ

117 261 182 302 1044·
201 264 299 301 Formam
308 263 412 313 passivam
423 263 594 316 verborumqqueo
606 268 627 301 et
636 276 712 315 nequeo
725 259 783 313 qdod

65 313 151 363 attinet,
166 314 308 356 Waklaudat
317 315 364 355 Ter.
376 316 425 354 Hec.
439 315 472 362 IV,
483 316 500 362 1,
513 315 545 354 57.
562 313 632 365 ibique
642 314 781 361 Westerhov„

63 366 147 404 Sallust.
157 368 201 417 lug.
211 368 243 405 31.
255 378 303 412 cum
315 366 380 403 Cottii
392 365 537 413 annotatione,
553 365 735 414 DictynGret.II‚
746 366 780 404 21.

64 417 170 457 Prisciam.
181 417 259 467 perieg.
271 415 316 456 417.
335 415 459 462 Solinuch.
468 417 499 455 13.
518 422 538 453 et
548 416 668 455 Diomedem
676 420 692 465 l,
701 431 722 468 p.
734 417 781 457 380.

64 469 121 509 Adde
131 468 196 506 Plaut.
206 468 258 505 Rud.
270 468 305 513 IV,
319 466 339 516 4,
351 469 384 507 20.
405 467 500 505 Gellium
516 469 564 517 XX,
581 471 599 506 1.
614 468 652 506 suh
670 469 706 510 fin.
722 472 782 518 Apu-

62 521 99 560 ]ei.
113 522 136 558 T.
147 522 170 557 ΙΙ.
182 533 202 568 p.
213 521 253 560 380
263 525 284 557 et
293 517 339 560 487-
348 519 399 556 oud.
410 519 493 558 Festum
503 532 518 559 s.
529 532 548 559 v.
557 519 673 569 nequitum.
683 521 740 559 Voss.
754 519 780 558 de

64 571 119 611 anal.
131 572 170 621 ΙΙΙ,
182 572 214 612 38.
234 571 354 609 Saturnium
361 574 409 611 lnst.
422 571 459 609 Gr.
470 573 503 619 ΙΙΙ,
515 572 555 618 28.‚
571 583 635 622 quem
644 571 716 609 laudat
725 571 781 609 llud-

64 623 115 663 din.
123 626 171 663 lust.
178 625 212 661 Gr.
223 625 238 661 I.
251 635 270 673 p.
280 621 325 663 274.
334 629 380 661 not.
392 620 424 662 54.
436 623 523 662 Gesner.
531 623 553 660 in
560 625 608 664 Lex.
617 636 633 661 s.
640 636 659 664 v.
669 623 781 675 nequitum

65 681 87 715 et
98 674 173 727 quitus,
187 674 270 725 aliique.
653 708 656 712 .

116 724 173 767 1046.
198 728 323 779 Principiis]
342 727 401 763 Hanc
416 725 524 777 vulgarem
538 724 654 774 lectionem
665 724 781 764 defendunt

65 777 131 818 Codd.
143 778 190 816 Brit.
203 781 221 817 1.
232 779 252 817 3,
264 790 313 815 cum
323 776 380 815 editt.
391 778 445 815 Iunt.
458 776 503 817 Ald.
516 778 548 824 2.;
568 777 634 815 ceteri
645 777 696 815 libri
707 789 780 815 omnes

60 828 653 930 11121113131..ἓέ010320.1112έὲ.
662 828 781 920 (0.1ῗίἰῖ

63 894 189 985 Prineiiiiom
198 908 291 983 certain.
305 944 369 983 quam
381 938 453 969 tamen
461 932 505 982 ipse
516 944 559 969 non
568 936 653 982 poterat
661 944 705 970 non
714 931 781 970 auda-

64 995 111 1023 cern
121 995 214 1021 vocare.
378 996 380 1000 ·

53 1032 55 1034 V
116 1035 173 1075 1050.
199 1033 256 1072 Solet
265 1039 336 1071 noster
351 1049 399 1086 opus
413 1048 456 1073 esse
471 1034 552 1085 saepius
564 1033 611 1072 fere
625 1046 674 1072 oum
684 1033 781 1072 nomina-

62 1086 113 1134 tivo,
129 1098 191 1136 quam
203 1098 251 1124 cum
261 1085 353 1122 ablativo
366 1092 493 1124 construere.
521 1085 593 1133 (Conf.
605 1087 632 1129 ΙΙ,
642 1087 674 1125 20.
685 1086 728 1125 815.
739 1086 780 1134 ΙΙΙ,

62 1139 108 1178 980.
118 1139 153 1186 IV,
162 1135 219 1177 1264.
230 1138 287 1176 1273.
300 1137 336 1184 VI,
346 1137 391 1177 365.
406 1138 455 1185 eto.)
471 1136 530 1175 Wak.
543 1137 604 1174 affert
614 1136 679 1178 Plaut.
690 1137 779 1187 Caput,

62 1190 82 1237 2,
92 1190 123 1227 61.
136 1194 156 1225 et
165 1189 212 1226 Ter.
223 1187 309 1238 Adelph.
320 1189 353 1237 IV,
366 1188 389 1238 5,
400 1189 432 1228 72.
459 1188 505 1225 Alia
520 1188 615 1240 exempla
624 1193 781 1240 ''congesserunt

61 1239 159 1278 Ruddim.
168 1240 220 1280 Inst.
230 1239 266 1280 Gr.
277 1241 305 1278 ΙΙ.
314 1252 335 1290 p.
349 1241 380 1280 67.
391 1245 412 1278 et
421 1240 505 1278 Ramsh.
519 1242 557 1279 Gr.
568 1245 614 1282 Lat.
626 1239 695 1292 §.144
704 1255 725 1292 p.
733 1240 780 1281 265.
815 1240 817 1242 ’

73 1307 75 1311 ·
115 1288 172 1332 1054.
198 1291 301 1339 externis]
322 1291 352 1328 sic
371 1303 419 1329 cum
438 1291 534 1329 omnibus
554 1292 620 1331 Codd.
642 1293 705 1331 etiam
725 1292 778 1331 Brix.

61 1343 117 1382 Iunt.
129 1342 179 1382 ald.
194 1344 225 1393 2.‚
239 1342 275 1380 sed
287 1343 335 1382 Ver.
347 1345 447 1393 aeternis,
460 1345 510 1383 Ven.
523 1347 611 1394 aternio,
629 1344 675 1385 Ald.
692 1346 710 1386 1.
726 1347 778 1384 Bon.

63 1397 156 1436 alternis.

19 1489 25 1492 ,
115 1448 172 1486 1060.
198 1446 276 1499 suppa]
302 1446 359 1482 Haeo
371 1445 455 1497 egregia
466 1446 560 1484 salmasii
570 1446 638 1497 (epist.
648 1448 691 1496 59.)
704 1460 779 1486 emen-

8 1495 12 1500 ”
63 1496 131 1545 datio,
149 1510 212 1548 quarn
224 1498 387 1547 comprobarunt
402 1497 467 1536 Codd.
485 1498 550 1550 Lugd.
565 1501 585 1538 2.
604 1500 659 1537 Gott.
677 1498 779 1548 (fortasse

63 1548 125 1598 etiam
135 1549 199 1600 Lugd.
211 1551 241 1598 1.‚
255 1549 277 1586 in
287 1561 327 1599 quo
339 1554 360 1585 et
370 1549 415 1598 ipso
428 1562 439 1586 a
448 1550 516 1599 prima
526 1563 589 1588 manu
599 1565 665 1605 suppa
675 1551 779 1602 scriptum

62 1600 125 1646 fuisse
136 1601 244 1651 videtur),
256 1599 370 1638 rectissime
382 1600 408 1637 ab
420 1602 469 1639 Hau.
479 1601 540 1641 Wak.
551 1602 627 1641 Eichst.
638 1610 725 1653 recepta
740 1609 778 1642 est.

61 1654 132 1691 Festus
148 1652 215 1700 enim,
227 1655 297 1703 quem
312 1651 398 1690 Salmas.
414 1659 436 1690 et
450 1652 532 1693 Wakef.
547 1652 646 1703 laudant,
667 1655 705 1693 suh
721 1655 742 1696 h.
758 1669 778 1696 v.

62 1731 76 1754 ,‚
83 1708 183 1757 Supprim,
196 1704 274 1755 inquit,
288 1704 368 1754 antiqui
380 1703 488 1754 dicebaut,
507 1718 570 1757 quem
579 1719 635 1744 nuno
644 1710 738 1761 supinum
748 1707 779 1746 di·

62 1755 140 1801 cimus:
155 1769 179 1794 ex
189 1757 269 1794 Graeco
283 1756 392 1805 videlicet,
410 1769 447 1807 pro
460 1756 549 1807 aspirato
560 1765 660 1807 ponentes
672 1759 779 1798 literanis

64 1807 120 1857 [scil.
132 1808 158 1845 ab
172 1804 227 1853 sind,
242 1804 342 1858 alnetogp
357 1814 381 1845 ut
391 1805 462 1860 'quum
473 1809 538 1847 iidem
547 1807 599 1855 iilos
610 1811 693 1858 dicunt,
708 1818 728 1849 et
739 1815 778 1850 nos

61 1858 139 1913 sylvas:
152 1859 203 1898 item
215 1857 242 1909 ἕξ,
257 1873 298 1905 sex,
313 1866 334 1897 et
343 1857 407 1906 ἑπτά,
419 1863 522 1910 septem.“
548 1862 643 1913 Plerique
656 1862 705 1900 libri
717 1862 778 1901 exhi-

61 1908 113 1947 hent
122 1925 196 1963 supra3
209 1910 289 1962 antiqui
300 1910 364 1950 Codd.
373 1910 404 1949 Pii
417 1924 500 1965 suopte,
517 1918 541 1950 ut
557 1912 615 1953 editt.
631 1916 686 1954 lunt.
702 1914 748 1953 Ald.
757 1916 778 1956 2.

41 1967 43 1970 ’
61 1973 148 2014 suopta3
164 1963 221 2001 editt.
233 1963 278 2001 ald.
292 1964 310 2002 1.
321 1966 370 2002 Bon.
386 1974 465 2004 cuneta.
825 2001 827 2004 ,

87 2038 99 2048 J
113 2014 169 2055 1066.
196 2016 277 2065 diebus]
293 2014 322 2052 sic
338 2026 410 2053 omnes
425 2014 490 2055 Codd.
507 2021 533 2053 et.
542 2021 593 2056 vett.
607 2015 679 2066 editt,
692 2012 778 2067 praeter

55 2061 92 2100 'Pii
103 2064 168 2105 Codd.
180 2066 239 2107 Gdtt.
250 2068 298 2107 Brit.
308 2068 327 2107 3.
340 2074 361 2105 et
376 2066 433 2104 editt.
445 2068 500 2107 lunt.
517 2067 562 2106 Ald.
573 2070 605 2117 2„
618 2068 654 2119 qui
667 2069 778 2122 vulgarem

6 2141 8 2144 -
60 2111 173 2154 lectionem
184 2121 266 2173 diesque
276 2126 367 2159 tuentur.
393 2121 457 2157 Recte
467 2125 537 2157 autem
547 2116 614 2166 ivan,
628 2121 717 2160 Bentleio
726 2135 778 2165 suas

60 2173 117 2212 sore,
135 2170 203 2208 diebus
217 2171 318 2219 restituit,
338 2184 461 2222 comparans
470 2171 541 2209 locum
557 2185 581 2210 ex
592 2174 662 2221 Priap.
674 2175 746 2223 LXIV,
757 2176 777 2215 8.

89 2267 93 2276 ¹
113 2219 170 2258 1067.
197 2222 235 2260 Hic
243 2236 314 2271 versus
326 2235 375 2263 cum
383 2230 464 2274 septem
472 2236 530 2275 seqq.
538 2223 560 2262 in
573 2224 702 2264 GoddVind.
714 2227 776 2267 Poor.

60 2270 110 2307 But.
121 2270 138 2307 1.
151 2271 170 2309 2.
180 2272 199 2310 3.
210 2280 231 2310 et
241 2276 298 2315 editt.
309 2275 361 2313 Brix.
377 2277 424 2316 Ver.
441 2277 492 2314 Ven.
510 2288 521 2313 a
535 2275 577 2324 fine
591 2276 683 2315 mutilati
699 2277 776 2331 legun-

60 2326 101 2381 ΨΥ,
113 2327 137 2357 ut
147 2320 241 2362 desinant
249 2326 271 2364 in
281 2327 349 2365 verbis
359 2331 628 2382 haee-perv—potest—
638 2332 680 2369 iam
692 2352 716 2359 -
728 2346 776 2369 con·

60 2382 132 2430 nitere
148 2394 173 2433 ᾗ
187 2379 266 2417 ratione
282 2380 308 2408 -'-
324 2383 385 2420 inane
399 2402 425 2425 -,-
442 2382 562 2429 concedere,
580 2380 637 2431 quod
651 2394 721 2420 omnes
736 2381 775 2420 hos

60 2421 125 2463 libros
137 2436 197 2465 unlus
207 2427 300 2468 familiae
311 2443 356 2471 esse
365 2438 386 2472 et
402 2445 426 2472 ex
436 2445 478 2472 uuo
490 2431 607 2485 eodemque
617 2433 691 2474 Codice
701 2433 776 2473 decur-
