1690 2654
195 76 237 118 an
252 47 391 117 rinnon
407 72 610 117 sncnunun..
707 69 756 116 261

38 190 141 236 praestat,
161 198 213 237 quae
227 192 314 238 propter
330 185 382 225 duos
395 186 524 226 accusativos
540 182 618 225 semine
631 204 658 213 -·
670 196 757 236 corpora
811 187 813 190 “

38 237 180 289 ambiguitatis
193 251 276 289 quoquc
285 245 358 277 notam
366 238 462 276 incurrit.
747 266 748 270 ,

41 310 42 314 ¹
90 291 215 330 679—681.
242 291 267 328 In
282 290 331 328 loco
347 289 472 327 difficillimo
492 295 513 326 et
526 287 656 326 vexatissimo
673 285 756 326 servavi

39 340 125 391 quidem
135 343 162 379 W
163 340 195 380 ak.
205 342 359 388 recensionem,
372 340 417 378 nisi
424 340 481 390 quod
491 339 600 390 vulgarem
609 352 705 378 versuum
720 351 755 377 ora

39 393 109 432 dinem
120 405 168 429 cum
180 392 255 430 Eichst.
264 392 351 438 restitui,
366 391 495 441 quemWaIr.
510 404 521 428 e
532 391 626 437 piurimis
636 404 684 429 sane
694 390 755 428 libris

37 443 68 482 ita
77 443 178 490 mutavit,
192 448 216 479 ut
227 455 245 479 v.
257 443 301 482 681,
311 442 423 492 praecedat
432 454 516 479 versum
527 443 583 489 680.;
601 442 637 479 sed
645 454 710 492 quum
719 458 755 481 cc-

37 496 69 534 lor
77 495 139 544 plane
151 504 195 530 non
203 489 264 530 huius
275 493 318 531 loci
327 506 370 531 esse
379 492 484 539 videatur,
497 493 580 539 nescio,
593 505 674 544 annon,
686 493 756 533 varie-

37 551 82 584 tate
94 543 190 583 lectionis
198 551 302 595 spectata,
313 544 403 583 fortasse
412 543 490 582 rectius
500 544 613 582 scribatur:
673 592 676 595 Ι

84 614 86 616 ’
114 598 210 648 Denique
219 598 283 636 multu
291 599 355 644 vides,
370 597 440 649 quibus
453 607 484 635 est
496 598 546 634 odor
555 608 576 635 et
586 610 647 647 sapor
657 610 705 634 una.

95 687 98 695 ,
115 650 206 686 Reddita
214 660 261 687 sunt
271 646 314 686 cim
323 651 384 687 odore
393 650 487 699 inprimis
493 649 592 700 pleraque
601 650 656 686 dona
665 653 707 687 etc.

37 704 61 738 ut
74 711 144 737 sensus
156 698 191 737 sit:
205 699 290 748 „Multa
301 712 350 736 cnm
360 711 435 749 sapore
445 698 508 736 simul
526 699 589 735 etiam
601 699 689 736 odorem
704 711 754 736 con·

34 750 132 801 iungunt.
151 749 184 787 Sic
195 763 213 787 v.
225 763 244 789 c.
254 751 340 799 hostiae,
356 754 420 801 (quas
430 762 504 800 sapore
514 749 618 800 praeditas
628 762 672 788 esse
683 762 754 800 perse

36 802 122 852 patet‚)
139 801 202 839 etiam
213 801 299 839 odorem
310 808 441 853 spargentes,
457 800 495 837 diis
505 801 673 839 immolantur.“-
694 800 754 839 Libri

38 852 94 890 enim
105 853 135 890 sic
144 852 236 896 variant:
250 865 271 891 et
280 855 347 902 color]
357 853 417 891 Vind.
426 853 502 903 fragm.
516 852 577 893 Vino.
587 852 633 889 Atd.
644 854 663 891 1.
672 853 692 890 Ξ.
702 855 753 891 uon.

34 908 99 945 tunt„
106 915 138 943 est
146 906 217 951 odor„
228 904 278 942 Brit.
288 906 307 943 1.
318 907 337 944 2.
348 907 367 944 3.
383 915 403 944 et
413 907 468 943 odor.
485 921 510 934 ·-
528 920 572 942 cum
584 903 656 952 odore]
675 903 753 954 fragm.

36 955 97 993 Vind.
113 970 157 993 cum
171 957 256 1002 indere,
276 955 336 994 Vind.
352 959 412 993 Poor.
430 955 477 992 Brit.
491 956 508 993 1.
520 956 539 994 2.
552 956 571 994 3.
588 956 648 992 Cant.
665 961 686 991 et
699 955 752 993 Brix.

36 1008 84 1045 Ver.
97 1007 146 1046 Ven.
158 1008 292 1055 cumdolore,
311 1005 355 1044 Ald.
369 1009 387 1046 t.
398 1007 418 1045 2.
434 1009 484 1043 Bon.
494 1006 549 1045 Iunt.
565 1021 609 1044 cnm
622 1008 711 1045 adolent.
726 1027 752 1034 —

36 1073 96 1111 quom
107 1068 192 1110 tangere
202 1057 311 1097 facillima
320 1063 350 1094 est
359 1056 456 1096 Lambini
467 1057 534 1103 coni,;
554 1056 603 1094 libri
617 1069 689 1094 omnes
701 1073 752 1096 con·
773 1090 781 1096 .

36 1112 122 1160 tingere.
135 1130 160 1145 τ-
179 1108 297 1158 pacto]·sic
307 1110 367 1146 Poor.
379 1107 429 1146 Brit.
441 1111 460 1148 2.
471 1113 491 1145 et
501 1107 547 1144 Pius
559 1108 581 1145 in
592 1109 657 1155 notis;
674 1109 752 1159 fragm.

35 1159 96 1199 Vind.
113 1157 201 1197 et‘Brix.
212 1160 259 1197 Ver.
274 1160 326 1199 Ven.
337 1171 409 1211 parto,
428 1160 489 1198 (iant.
501 1174 576 1212 parco,
594 1159 639 1200 ΑΜ,
651 1161 670 1199 1.
684 1172 752 1213 patro,

34 1213 85 1249 Bon.
100 1224 171 1259 porro,
192 1210 257 1261 Lugd.
269 1212 288 1250 1.
298 1212 317 1249 2,
326 1211 387 1249 Vind.
400 1222 489 1263 parato,
508 1216 530 1248 et
543 1210 564 1247 in
575 1213 628 1249 lunt.
645 1217 666 1248 et
676 1211 721 1250 ald.
731 1214 751 1251 2.

35 1262 103 1314 versui
112 1261 164 1310 681,
174 1274 236 1312 quem
248 1262 312 1299 etiam
321 1262 370 1302 Brit.
378 1265 422 1302 1.3.
430 1275 472 1299 non
482 1269 605 1313 agnoscunt,
619 1262 752 1300 substituitur

32 1313 105 1352 hicce:
119 1317 147 1351 Et
162 1324 242 1352 tantum
259 1307 330 1365 citpido
344 1318 460 1366 contingere
472 1316 531 1352 dente
541 1326 624 1366 parato.
651 1314 718 1352 Faber
729 1321 751 1352 et

32 1364 111 1413 -Beutb,
125 1363 205 1402 nodum
214 1365 273 1402 brevi
282 1377 346 1413 manu
357 1365 493 1412 dissecantes,
506 1377 545 1402 vss.
555 1366 602 1405 680.
613 1372 634 1403 et
643 1367 688 1404 681.
702 1378 751 1416 spu*

34 1416 77 1455 rios
91 1421 188 1465 censent,
201 1416 274 1457 Lamb.
286 1422 344 1454 certe
354 1430 372 1456 v.
384 1418 428 1457 680.
441 1429 484 1454 non
495 1416 610 1467 genuinum
622 1416 699 1467 habet,
714 1418 751 1468 qui

34 1467 52 1506 si
66 1465 172 1515 reficitur,
186 1468 301 1513 necessario
317 1472 338 1506 et
354 1474 475 1519 sequentem
489 1480 560 1505 secum
571 1468 646 1516 trahit;
661 1469 750 1508 Creech.

33 1518 77 1569 legi
90 1517 150 1556 iubet
166 1520 237 1570 quibus
252 1531 272 1558 et
281 1522 331 1559 odor
341 1530 361 1558 et
370 1535 432 1575 sapor
441 1535 483 1559 una
492 1522 558 1558 Redd.
571 1530 629 1566 sunt,
643 1535 689 1558 cum
698 1522 749 1559 udo·

33 1571 75 1619 tes,
91 1571 128 1617 (ut
141 1571 192 1622 Heu.
208 1570 378 1623 edidit,)1³retg.
399 1574 470 1624 quibus
486 1583 506 1609 et
520 1573 575 1609 color
592 1581 613 1609 et
628 1586 690 1623 sapor
707 1586 749 1611 nna

33 1623 100 1661 Redd·
112 1633 171 1670 sunt,
186 1638 230 1661 cnm
241 1625 312 1668 odore,
325 1626 377 1675 inpr.
386 1626 414 1674 pl.
425 1626 456 1672 d.,
469 1623 535 1660 Davis.
547 1623 574 1660 ad
583 1622 633 1660 Min.
643 1622 686 1663 Fel.
696 1629 748 1663 sect.

33 1674 53 1714 2.
67 1671 121 1710 coni.
136 1674 207 1726 quibus
215 1684 246 1712 est
259 1676 307 1713 odor
317 1685 338 1713 et
346 1689 409 1727 sapor
419 1690 460 1713 nna
472 1676 587 1722 Redditus,
601 1685 624 1712 ut
640 1690 685 1713 cum
698 1677 749 1713 adc-

33 1725 64 1763 tes
75 1726 164 1777 inprppl.
176 1727 209 1769 d,-
222 1725 285 1776 vulgo
296 1724 374 1776 legitur
383 1726 426 1763 sine
436 1737 509 1764 sensu:
523 1728 596 1778 quibus
609 1736 641 1764 est
654 1728 714 1775 odor,
728 1737 749 1766 et

32 1790 94 1827 sapor
103 1790 145 1813 urta
154 1778 246 1814 Reddita
255 1787 302 1814 sunt
312 1791 355 1814 cum
365 1781 427 1816 odore
431 1793 438 1819 ;
452 1780 505 1828 inpr.
513 1780 542 1829 pl.
553 1780 572 1815 d.
583 1783 622 1813 etc.

84 1824 129 1867 684.
157 1826 229 1875 Surus]
244 1826 274 1865 sic
282 1827 343 1865 Wak.
356 1829 404 1865 cum
415 1828 464 1865 Brit.
477 1829 522 1867 1.3.
531 1828 591 1864 Cant.
605 1826 686 1864 etBrix.
698 1828 747 1866 Ver.

33 1876 96 1927 Ven,
109 1877 197 1915 laudans
212 1879 317 1915 Donatum
329 1877 355 1915 ad
370 1880 417 1918 Ter.
427 1881 478 1917 Eun.
487 1880 516 1925 tt,
529 1879 549 1926 3,
559 1880 591 1917 26.
607 1899 631 1905 -
644 1880 747 1929 seorsum]

32 1929 98 1980 Lugd.
111 1931 129 1968 1.
148 1928 300 1981 Ἦηά.’ἱτεςῐη.
316 1929 377 1967 vind.
391 1932 452 1967 Poor.
469 1930 518 1966 Brit.
532 1932 550 1967 1.
560 1931 579 1968 3.
595 1936 616 1966 et
631 1930 683 1967 trix.
698 1932 748 1969 Ver.

32 1980 186 2029 Venturam,
196 1981 221 2033 jn
234 1980 320 2030 synizesi
333 1981 392 2019 verbi
408 1990 485 2020 reorum
495 1980 624 2018 offendentes
639 1981 648 2030 (
655 1982 711 2021 conf.
721 1982 748 2020 ad

31 2031 50 2078 I,
60 2032 116 2071 1021.
129 2032 193 2081 etc.);
209 2032 444 2080 Ald·,1·2·l3011·1u¹112
457 2048 543 2072 rursum.
562 2054 589 2062 -
608 2045 629 2072 et
645 2030 747 2082 seorsum]

32 2081 62 2132 sic
72 2082 154 2120 Vossius
163 2083 261 2122 lacunam
271 2085 293 2122 in
304 2085 399 2134 plurimis
406 2084 464 2122 libris
476 2083 559 2121 obviam
569 2082 657 2134 replevit
668 2097 679 2122 e
691 2085 746 2125 coni.

31 2132 193 2181 verisimillima3
207 2139 261 2174 Iunt.
271 2136 316 2173 Ald.
326 2138 346 2175 2.
361 2146 382 2173 et
392 2151 468 2180 rerum,
482 2137 530 2173 Ver.
541 2138 592 2173 Ven.
603 2150 656 2186 qua,
668 2135 714 2175 Alo.
728 2138 746 2175 1.

31 2184 82 2221 Bon.
93 2198 134 2235 qua
143 2199 195 2232 non,
208 2188 271 2224 Poor.
283 2187 344 2224 Cant.
354 2189 390 2226 sed
400 2201 450 2233 nec,
463 2192 486 2223 ut
496 2199 580 2224 versum
589 2186 706 2237 explerent,
721 2186 747 2225 de

31 2245 93 2273 sensu
101 2245 175 2281 parum
184 2237 281 2278 scssociti.

42 2301 44 2307 r
84 2286 129 2342 692.
155 2300 194 2336 quo
209 2290 270 2329 Wek.
286 2289 379 2341 reposuit
393 2301 418 2328 ex
427 2288 524 2328 omnibus
533 2288 593 2327 libris
603 2295 687 2339 praeter
696 2289 745 2329 Brit.

31 2337 51 2378 2.
57 2356 70 2384 ,›
78 2347 114 2384 qui
125 2335 233 2385 vulgarem
244 2341 308 2379 babet
319 2344 378 2395 quod.

49 2433 53 2442 Ι
82 2385 127 2442 693.
152 2389 234 2438 eadem]
249 2391 279 2431 sic
294 2393 370 2433 Eichst.
384 2405 434 2432 cnm
446 2391 512 2444 Lugd.
521 2392 542 2431 1‘·
552 2393 583 2442 2.,
596 2390 694 2442 aquibus
702 2403 746 2429 non

33 2435 156 2476 dissentiunt
170 2440 224 2479 [unt.
240 2447 261 2480 et
274 2443 321 2489 Ald.
331 2446 363 2496 24
375 2445 437 2489 Vind.
450 2442 695 2485 mortuitatem.
710 2443 744 2493 (2)
