1690 2654
113 117 144 163 72
187 174 189 176 a
298 117 341 158 ou
364 116 489 159 aunum
503 116 644 161 narona

165 226 223 278 Quod
233 228 250 267 si
261 227 380 268 immortalis
392 229 450 280 toret,
464 231 483 270 et
491 232 569 269 mutare
580 230 662 270 soleret
713 233 716 236 ”

118 280 120 283 ’
164 281 258 331 Corpora,
271 281 373 331 permirtis
386 283 494 322 animantes
502 283 591 321 moribus
600 285 675 322 essent:

112 330 152 373 750
164 332 269 383 Effugeret
279 334 333 371 cauis
346 336 440 385 Hyrcano
452 336 476 373 de
489 335 563 374 semiue
575 347 633 384 saepe
670 333 672 335 ’

164 385 268 436 cornigeri
278 385 378 425 incursum
388 387 453 435 cerri;
468 391 597 437 tremeretque
609 400 646 437 per
657 399 715 427 auras
733 407 736 411 ⁴

162 437 326 488 Adrisaccipiter
338 439 423 491 fugiens,
437 440 527 478 veniente
539 440 643 486 eolumba3

162 489 279 539 Desipereut
290 491 387 539 homines,
398 496 488 543 saperent
498 493 542 530 fera
554 492 606 530 secla
618 492 721 532 seranna·

189 542 242 580 Illud
251 542 303 584 enim
313 544 364 582 falsa
375 544 438 583 fertur
447 544 529 592 ratione,
543 544 594 594 quod
607 543 669 591 aiunt,

111 587 151 638 755
163 593 298 633 Immortalem
310 596 398 634 animam
407 600 482 635 mutato
494 609 577 646 corpore
588 595 652 634 flecti:

112 663 114 666 v
164 646 223 694 Quod
232 650 320 686 mutatur
328 648 387 695 enim,
401 648 525 687 dissolvitur:
538 647 605 685 interit
614 659 668 698 ergo.

163 697 299 737 Traiieiuntur
307 699 359 738 enim
369 704 441 749 partes,
454 703 512 748 atquc
523 700 590 737 ordine
602 699 700 748 migraut3

163 749 230 796 Quare
239 749 320 788 dissolvi
331 764 407 799 quoque
417 752 487 789 debent
496 762 553 800 posse
562 763 597 799 per
607 750 668 795 artus,

162 800 252 850 Denique
260 806 283 839 ut
291 801 387 840 intereant
402 814 441 840 una
452 815 497 839 cum
511 814 592 851 corpore
602 804 690 839 cunctae.

110 847 160 890 760>
189 851 225 890 Sin
233 852 309 892 animas
317 854 421 892 hominum
432 853 524 892 dicentia
537 865 620 903 corpora
630 865 706 902 semper

161 904 193 943 lre
203 905 303 953 humaua3
314 908 383 945 tamen
391 918 490 956 quaeram,
505 918 555 954 quur
565 904 668 953 esapienti

162 956 228 995 Stulta
238 958 354 1006 quescitur,
367 972 404 996 uec
415 959 498 1008 prudens
507 957 532 996 sit
541 969 590 1009 puer
601 958 659 1003 ullus,

162 1007 202 1046 Nec
212 1012 253 1047 tam
265 1010 333 1048 doctus
345 1011 486 1061 equaepullus‚
501 1020 560 1058 quam
569 1007 626 1048 fortis
636 1006 737 1058 equinis?

163 1060 240 1107 Sinon,
255 1065 309 1100 certa
320 1075 355 1101 suo
364 1063 411 1112 quia
421 1061 494 1101 semine
504 1061 625 1109 seminioque
714 1063 717 1067 ”

110 1108 149 1150 765
164 1112 181 1148 l‘
182 1111 197 1149 is
206 1112 268 1151 animi
277 1113 351 1162 pariter
361 1114 432 1152 crescit
441 1114 486 1152 cum
495 1125 576 1162 corpore
587 1117 669 1162 qnoque.
720 1151 723 1154 ,

162 1163 243 1202 Scilicet
253 1164 274 1201 in
284 1169 350 1204 tenero
360 1170 480 1204 tenerascere
490 1177 570 1213 corpore
581 1168 666 1202 mentem
680 1199 682 1202 .

163 1215 291 1265 Confligient3
306 1218 357 1266 quod
367 1218 384 1256 si
394 1217 435 1256 iam
445 1217 474 1263 fit,
489 1217 564 1254 fateare
572 1214 651 1254 necesse
662 1217 697 1262 cst,

162 1267 269 1307 lllortalem
279 1269 422 1316 esseanimam,
435 1268 534 1317 quoniam,
547 1270 625 1305 mutata
636 1278 671 1316 per
683 1267 738 1306 artus
756 1281 758 1285 ’

162 1317 280 1368 Tantopme,
295 1319 367 1359 amittit
377 1320 440 1358 citam
446 1320 561 1367 sensumque
572 1318 665 1368 priorem.

110 1367 150 1408 770
188 1370 257 1419 Quove
266 1372 326 1410 modo
338 1372 416 1422 poterit,
429 1371 503 1421 pariter
511 1383 556 1408 cum
569 1383 651 1419 corpore
662 1373 739 1420 quoque

162 1421 288 1471 Confirmata,
301 1425 389 1472 cupitum
397 1423 466 1462 aetatis
473 1428 555 1473 tangere
565 1422 636 1459 florem
673 1458 675 1461 Α
685 1455 687 1459 .

161 1473 195 1510 l'is
206 1473 274 1523 animi,
287 1475 325 1513 uisi
336 1475 373 1514 erit
382 1474 490 1518 consorsin
499 1474 576 1523 origine
586 1471 665 1521 prima?

161 1524 239 1573 Quidve
250 1526 305 1565 foras
315 1526 354 1565 sihi
362 1528 405 1566 volt
414 1525 508 1564 memhris
521 1525 574 1563 exire
587 1522 683 1562 senentis?

160 1577 192 1615 An
202 1577 272 1617 metuit
284 1579 375 1618 conclusa
386 1591 466 1617 manere
477 1578 498 1616 in
509 1588 590 1626 corpore
602 1575 670 1625 putri?

109 1625 149 1667 775
162 1628 199 1675 Au,
212 1630 281 1667 domus
292 1631 361 1670 aetatis
373 1631 435 1679 spatio
446 1643 471 1667 ne
480 1631 532 1667 fessa
539 1631 616 1666 vetusto

162 1679 254 1718 obruat?
268 1682 293 1719 At
301 1694 341 1718 non
353 1686 397 1719 sunt
406 1683 447 1719 iam
456 1679 565 1723 immortali
577 1679 620 1716 ulla
631 1677 711 1727 pericla.

187 1731 276 1780 Denique
286 1733 382 1771 connubia
393 1734 419 1770 ad
429 1731 508 1769 Veneris
516 1733 621 1779 partusque
630 1730 717 1770 terarum
759 1751 761 1753 ·
771 1763 777 1768 ..

161 1782 209 1820 Esse
217 1784 293 1832 animas
301 1789 386 1833 praesto,
399 1782 527 1822 deridiculum
539 1794 581 1820 esse
590 1781 678 1828 videtum

159 1834 412 1884 Exspectareimmortaleis
420 1834 513 1873 mortalia
527 1833 617 1871 membra
649 1867 651 1870 Α

108 1881 148 1924 780
160 1886 263 1924 Innumero
274 1900 362 1936 numero,
375 1891 488 1934 certareque
499 1886 674 1935 praeproperanter
711 1893 713 1895 ·

159 1938 213 1976 Inter
222 1942 248 1986 se,
262 1952 313 1989 quae
321 1940 385 1988 prima
394 1938 532 1988 potissimaque
540 1936 658 1974 insinuetur:

161 1989 184 2027 si
191 2003 231 2028 non
239 1991 291 2029 forte
300 1991 330 2036 ita
341 1995 385 2029 sunt
395 1991 507 2029 animarum
519 1988 598 2038 foedera
607 1990 671 2034 pacta,
688 2015 690 2017 .

160 2041 193 2088 Ut,
207 2054 257 2090 quae
268 2043 332 2091 prima
341 2044 409 2081 volans
423 2040 528 2087 advenerit,
541 2038 649 2077 insinuetur

159 2092 234 2139 Prima,
247 2096 310 2142 neque
320 2094 371 2131 inter
379 2106 399 2131 se
410 2093 525 2130 contendant
536 2089 611 2127 viribus
620 2088 690 2126 hilum.

108 2139 148 2183 785
185 2144 274 2193 Denique
283 2146 305 2183 iu
314 2146 393 2183 aethere
400 2157 439 2182 nou
448 2144 513 2188 arbor,
526 2153 565 2179 uon
574 2152 658 2189 aequore
669 2138 689 2177 iu
700 2137 741 2177 alto

160 2194 228 2235 Nubes
237 2209 278 2245 esse
286 2200 364 2246 queunt,
377 2208 413 2234 uec
422 2194 488 2245 pisces
496 2193 563 2231 vivere
570 2192 592 2232 in
603 2191 662 2239 arvis,

160 2247 201 2285 Nec
211 2261 270 2286 cruor
280 2249 300 2287 iu
309 2249 375 2298 lignis,
388 2250 428 2286 ncc'
435 2246 497 2285 saxeis
507 2257 564 2283 sucus
574 2244 643 2282 inesse.
758 2290 763 2301 Ι

161 2298 240 2336 Certum
251 2311 275 2337 ac
284 2300 400 2349 dispositum
410 2302 445 2345 est,
457 2298 493 2335 ubi
505 2295 598 2345 quidquid
611 2294 686 2333 crescat
697 2294 717 2331 et
726 2291 784 2332 insit:

160 2349 194 2388 Sic
204 2350 265 2396 anirui
276 2355 347 2390 natura
355 2351 422 2399 nequit
431 2349 472 2388 siue
483 2358 563 2397 corpore
573 2347 621 2386 oriri

107 2400 147 2442 790
161 2402 215 2449 Sola,
228 2414 291 2449 neque
303 2403 390 2440 auersis
404 2406 424 2439 et
433 2400 527 2449 sanguiue
535 2399 612 2450 longius
624 2408 679 2455 csse!

160 2454 218 2502 Quod
228 2452 246 2490 si
257 2453 317 2501 possit
325 2453 382 2500 enim,
396 2452 459 2489 multo
467 2451 523 2499 prius
535 2450 578 2499 ipsa
590 2450 651 2488 animi
660 2458 690 2486 vis
701 2464 703 2466 ¹

159 2506 181 2544 lu
191 2503 409 2556 eapitc„autlrmneris‚
422 2508 457 2543 aut
466 2502 511 2542 imis
522 2503 607 2553 calcibus
615 2513 657 2544 esse
