1690 2654
59 62 60 65 ’
114 74 161 123 132
303 79 344 119 111
360 79 641 125 aenuuurruar

178 183 235 246 Tune
247 188 268 225 et
280 186 389 228 amicitiam
402 187 509 241 coeperunt
521 188 604 242 iungere
615 189 710 234 habentes

176 237 284 277 Fmitumei
295 240 346 278 inter
358 253 385 291 se,
398 254 434 280 nec
446 243 531 291 laedere,
543 256 579 281 nec
591 243 679 290 violare3

111 285 165 328 1020
177 289 204 326 Et
215 302 287 337 pueros
299 294 460 333 commendarunt
472 294 607 344 muliebreque
620 295 694 335 seclum

176 340 262 380 Vocibus
275 346 374 395 etgestu3
387 358 448 396 quom
459 347 518 385 balbe
530 346 670 397 significarent,
694 372 712 379 --
733 389 735 391 ,

175 391 324 433 Imbecillorum
336 409 379 435 esse
392 410 478 447 aequum
489 398 601 436 misererier
615 397 675 435 ormri.
731 442 733 446 ι

175 442 219 482 Non
232 448 299 485 tamen
312 448 428 487 omnimodis
441 453 519 499 poterat
531 449 635 488 concordia
648 448 715 500 gignir

177 493 217 533 Sed
229 497 282 536 bona
293 512 405 550 magnaque
416 513 462 551 pars
474 502 578 539 servabant
590 501 676 548 foedera,
691 499 763 548 castei3

69 577 70 581 ,
110 542 164 586 1⁰25
177 546 218 586 nur
230 561 291 600 genus
302 551 412 591 humanum
424 552 465 591 iam
478 556 520 591 tum
530 553 583 591 foret
591 565 654 591 omne
665 556 781 602 peremtum,
812 579 814 583 ψ

176 598 218 639 Nec
229 602 324 649 potuisset
337 604 402 642 adhuc
413 605 520 653 perducere
532 605 585 643 secla
595 616 692 654 propago.
710 618 712 622 ·

201 651 228 689 At
239 653 398 704 varios'linguae
410 656 483 694 sonitus
495 658 566 693 natura
578 655 657 704 subegit

174 699 260 749 Mittere,
270 708 294 742 >et
305 704 381 744 utilitas
393 706 488 755 expressit
499 706 579 743 nomina
590 717 668 744 rerum=

175 751 219 790 Non
232 754 273 792 aliu
284 756 346 805 longe
357 756 441 803 ratione,
454 759 513 804 atque
524 756 568 805 ipsa
578 756 657 795 ridetur
779 799 781 803 ,

109 799 162 841 1030
174 803 294 844 Protrahere
305 808 330 844 ad
342 811 420 857 gestum
431 819 502 858 pueros
514 807 599 846 infantia
610 808 702 857 linguae3
713 846 722 848 a
744 850 746 852 ,

175 854 241 903 Quom
253 858 308 904 facit,
320 862 343 896 ut
355 858 425 910 digito,
439 871 490 909 quae
502 858 541 897 sint
552 860 667 913 praesentia,
680 861 792 899 monstrent.
839 865 840 868 ’

174 905 238 946 Sentit
250 909 356 947 enim-vim
369 911 451 960 quisque
462 922 519 950 suam
532 911 583 959 quod
592 911 657 959 possit
670 910 733 949 abuti.

175 957 254 997 Cornua
262 965 313 1000 ‘nata
325 961 379 1010 prius
391 962 455 1005 vitulo
468 962 640 1011 quam'trontibus
653 965 734 1010 exstent,
764 1005 767 1010 y

174 1008 225 1048 Ollis
236 1010 299 1051 iratus
312 1012 361 1062 petit
373 1017 432 1063 atque
443 1013 530 1052 infensus
541 1011 643 1063 inurguet:

109 1053 163 1098 1035
174 1061 201 1101 Ar
214 1064 287 1101 catulei
299 1066 440 1114 pantherarum
452 1065 578 1115 scymneique
589 1066 668 1111 leonum
739 1079 743 1085 ·

175 1113 280 1163 Unguibus
294 1128 317 1154 ao
330 1117 412 1166 pedibus
424 1117 465 1155 iarn
478 1121 521 1155 tum
534 1129 641 1166 morsuque
652 1118 769 1167 repugnant,

174 1164 214 1202 Vix
226 1166 287 1204 etiam
300 1179 360 1215 quom
372 1171 416 1206 sunt
429 1169 494 1206 dentes
505 1181 619 1218 unguesque
631 1167 711 1207 ereatei.

150 1260 158 1273 ‘
175 1216 263 1255 Alituum
275 1231 334 1267 porro
346 1232 408 1269 genus
420 1220 457 1258 alis
470 1232 527 1257 omne
538 1219 628 1257 videmus

149 1288 150 1291 =
174 1267 251 1315 Fidene,
264 1273 284 1307 et
296 1282 309 1308 a
321 1271 388 1317 pennis
400 1271 505 1308 tremulum
517 1274 585 1319 petere
597 1268 719 1308 auxiliatum.

108 1313 162 1355 1040
174 1318 258 1357 Proinde
269 1323 344 1369 putare,
359 1321 445 1369 aliquem
457 1325 500 1358 tum
512 1321 592 1358 nomina
605 1320 726 1358 distribuisse

172 1370 248 1419 Rebus,
262 1376 281 1410 et
292 1372 338 1410 inde
349 1373 438 1411 homines
451 1372 541 1411 didicisse
551 1373 650 1411 vocabula
660 1371 732 1421 prima,

104 1456 107 1462 .
173 1422 267 1472 Desipere
279 1427 319 1462 est:
331 1430 379 1462 nam
391 1438 442 1474 quur
453 1424 488 1462 hic
499 1428 564 1473 posset
576 1427 645 1462 cuneta
656 1429 726 1461 notare

172 1474 264 1521 Vocibus,
278 1479 298 1513 et
309 1475 376 1513 varios
388 1477 461 1514 sonitus
473 1476 561 1513 emittere
572 1475 659 1525 linguae,

173 1524 272 1575 Tempore
283 1527 351 1565 eodem
365 1527 412 1565 aliei
424 1528 490 1566 faeere
500 1526 522 1565 id
534 1539 574 1565 non
587 1526 651 1575 quisse
662 1523 768 1573 putentur?

32 1619 34 1623 Ι
107 1570 161 1613 1015
173 1577 285 1625 Praeterea,
299 1578 316 1617 si
328 1591 369 1617 non
380 1579 427 1616 aliei
442 1591 519 1628 quoque
531 1578 613 1616 vocibus
628 1577 671 1615 usei

172 1629 226 1667 Inter
238 1642 259 1666 se
270 1631 356 1676 lucrant,
368 1631 419 1667 unde
430 1630 490 1668 insita
502 1629 580 1667 notities
593 1628 634 1667 est?

173 1679 255 1718 Utilitas
267 1681 333 1727 etiam,
345 1681 397 1718 unde
409 1681 455 1719 data
467 1683 496 1718 est
507 1680 555 1717 huic
566 1680 631 1728 prima
641 1681 733 1728 potestus,

174 1730 228 1778 Quid
239 1727 303 1769 vellet
310 1732 382 1777 tacere,
395 1735 418 1769 ut
429 1732 487 1770 sciret
499 1730 603 1779 animoque
615 1730 703 1768 videret?

115 1778 119 1783 ’
172 1782 251 1832 Cogere
263 1783 311 1820 item
322 1783 396 1832 plureis
408 1782 578 1831 unus,'victosque
590 1782 670 1819 domare

31 1824 34 1830 s
105 1824 310 1883 1050111111111111,
323 1847 388 1873 rerum
401 1837 424 1872 ut
435 1833 545 1883 perdiscere
556 1833 636 1874 nomina
648 1831 732 1878 vellent3

172 1884 214 1924 Nec
225 1886 302 1924 ratione
314 1885 384 1924 docere
395 1887 443 1933 ulla,
456 1885 577 1933 suadereque
588 1882 669 1929 surreie,
705 1898 709 1903 ·
732 1910 735 1915 .
814 1922 815 1925 ,

172 1936 226 1985 Quid
238 1936 264 1975 sit
276 1950 326 1988 opus
338 1938 404 1982 lacto3
417 1937 486 1975 faciles
498 1948 561 1984 neque
573 1935 626 1972 eninr
637 1935 758 1984 paterentur,

172 1988 214 2026 Nec
226 1990 308 2028 ratione
313 1990 356 2026 ulla
368 1989 407 2027 sibi
418 1987 589 2036 ferrentamplius
604 1985 668 2024 aureis

171 2040 230 2078 Vocis
243 2040 341 2079 inauditos
353 2040 427 2079 sonitus
440 2040 546 2078 obtundere
558 2038 637 2077 frustra.
741 2070 742 2073 ,

107 2084 160 2128 1055
198 2093 308 2139 Postremo,
321 2093 369 2141 quid
381 2091 402 2129 in
409 2093 453 2130 bac
465 2090 556 2129 mirabile
569 2093 667 2139 tantopere
679 2091 708 2127 est
720 2100 749 2135 re,

171 2142 198 2180 Si¹
206 2145 395 2192 genusbumauum,
404 2140 456 2190 'quoi
468 2152 507 2178 vox
519 2144 539 2178 et
550 2139 619 2190 lingua
631 2141 714 2191 vigeret,
739 2183 740 2186 Ἴ

171 2193 211 2232 Pro
224 2194 281 2232 vario
293 2194 427 2235 sensuvarias
439 2206 471 2232 res
482 2204 531 2229 voce
543 2194 629 2239 notaret3

173 2245 238 2292 Quom
250 2245 334 2295 pecudes
345 2249 418 2294 mutae,
432 2257 492 2295 quom
505 2242 587 2292 denique
598 2245 651 2284 secla
663 2245 751 2286 ferarum

171 2296 288 2335 Dissimileis
300 2298 376 2335 soleant
386 2310 445 2335 voces
456 2295 630 2343 variasqueciere

106 2344 160 2386 1000
172 2348 238 2396 Quom
247 2352 317 2394 metus,
330 2351 364 2385 aut
373 2349 429 2386 dolor
438 2352 474 2393 est,
487 2350 507 2384 et
516 2359 575 2395 quom
584 2347 624 2385 iam
635 2346 815 2400 gaudiagliscunt?

171 2400 249 2450 Quippe
261 2400 333 2438 etenim
345 2399 392 2437 licet
403 2401 424 2437 in
436 2401 495 2437 rebus
508 2410 624 2448 cognoscere
637 2401 715 2447 apertis.

194 2452 276 2492 Irtitata
286 2463 357 2493 cenum
369 2464 428 2501 quom
441 2450 527 2501 primum
538 2462 613 2501 magna
624 2451 733 2492 Molossum
779 2495 781 2498 ,
