1690 2654
301 69 411 128 meme
428 68 476 110 111.
710 65 743 112 ot

79 188 121 228 Res
129 196 239 236 occurrere,
256 185 276 221 et
285 173 384 232 effugium
394 179 522 230 praecludere
533 177 596 230 eunti,

40 246 54 252 “
79 238 204 288 Ancipitique
215 235 304 279 refutatu
314 233 428 271 convincere
439 233 518 275 falsum.

106 289 195 338 Denique
203 299 261 337 saepe
271 285 372 324 hominem
383 284 487 333 paullatim
495 284 591 324 cernimus
602 282 638 333 ire,
704 277 750 338 525

80 343 108 382 Et
118 339 244 379 membratim
252 337 335 376 vitalem
347 336 452 386 deperdere
462 349 551 382 sensum:

80 395 103 433 In
110 392 192 441 pedibus
202 387 374 439 primumdigitos
384 386 480 440 livescere
488 392 508 426 et
519 387 613 438 ungueis3

80 445 128 484 inde
137 442 196 493 pedes
205 446 225 479 et
235 438 367 486 cruramori3
379 441 424 487 post
432 438 478 476 inde
489 452 524 490 per
534 443 589 479 ntus

32 521 33 524 ,
81 491 266 537 lrcaliostractim
276 490 339 542 gelidi
349 489 488 540 vestigiuleti.
554 523 556 526 ,

81 546 181 588 Scinditur
192 548 251 594 atque
259 543 326 583 ammo
335 541 428 592 quoniam
441 546 520 588 natura,
532 552 568 579 nec
577 552 618 580 uno
704 538 746 582 530

82 600 181 648 Tempore
190 594 266 635 sincera
277 594 358 642 exsistit,
365 594 461 633 mortalis
470 594 562 633 habende
572 597 608 632 est.

83 652 141 702 Quod
151 650 168 688 si
178 649 230 687 forte
239 651 303 697 putas,
315 646 380 697 ipsam
390 659 412 685 se
422 659 480 695 posse
489 658 525 696 per
537 648 593 684 artus
628 693 631 697 y

82 704 191 743 introrsum
201 700 286 747 trahere,
295 702 314 737 et
323 697 396 747 parteis
406 696 513 749 conducere
519 696 544 735 :in
552 707 622 748 unum,

83 755 148 804 Atque
160 752 205 792 ideo
218 751 292 789 cunctis
304 762 383 790 sensum
392 749 486 788 deducere
494 748 602 798 membris3
716 789 719 793 4

84 807 111 847 At
118 807 174 845 locus
184 804 219 842 ille
228 806 301 849 temen,
314 814 353 851 quo
363 800 420 850 copie
427 804 486 839 tanta
496 800 572 841 animat
697 796 746 841 ’535

85 857 174 908 Cogitur,
183 856 205 894 in
216 866 273 894 sensu
285 853 427 891 debetmaiore
438 852 508 891 videri.
600 855 601 858 ’

72 927 75 931 ’
85 910 126 959 Qui
137 907 230 958 quoidam
239 905 337 954 nusquam
349 908 384 951 est,
395 904 496 953 nimirum,
510 906 533 944 ut
539 901 629 944 diximus
637 902 688 955 ante,
712 907 715 913 ‘

84 959 186 1002 Dilaniata
198 959 252 996 fores
263 955 393 1005 dispergimur
406 955 474 994 interit
485 968 540 1008 ergo.

111 1011 165 1060 Quiri
172 1010 238 1057 etiam,
251 1008 269 1046 si
278 1008 320 1046 ium
328 1007 391 1052 libeat
401 1008 506 1046 concedere
516 1007 596 1056 falsum,

84 1063 112 1102 Et
122 1055 175 1109 dare,
189 1071 246 1111 posse
255 1059 342 1097 animum
351 1059 460 1109 glomerari
468 1059 490 1097 in
500 1072 582 1108 corpore
592 1069 669 1107 eorum,
707 1055 747 1099 54⁰

85 1114 171 1154 Lumina
181 1112 227 1161 quei
235 1111 325 1160 linquunt
335 1109 459 1148 moribundei
466 1110 614 1160 particulatim

85 1164 193 1204 Mortalem
200 1166 267 1201 tomen
275 1174 318 1200 esse
327 1160 415 1200 animam
425 1162 501 1202 fateare
511 1162 590 1203 necesse
599 1163 639 1204 este

85 1216 202 1264 Nec‘reiert,
215 1219 283 1254 utrum
289 1217 357 1263 pereat
366 1212 453 1264 dispersa
464 1227 500 1265 per
511 1227 577 1266 auras,

48 1270 51 1273 ’
86 1269 118 1308 An
130 1269 229 1306 contracta
239 1264 280 1304 suis
289 1278 300 1303 e
309 1265 397 1314 partibus
410 1266 546 1315 obbmtescat3
589 1300 593 1303 ,

87 1316 685 1369 Quandohomincmtotummagisecmegisundiquesensus
708 1314 748 1358 545

85 1370 165 1417 Deficit
178 1372 197 1408 et
207 1368 262 1408 vitae
271 1367 336 1406 minus
346 1371 366 1406 et
375 1368 440 1407 miuus
448 1369 535 1419 nudique
544 1374 614 1410 restat·
650 1368 653 1371 ’

113 1422 143 1462 Et
152 1420 245 1470 quoniam
254 1432 309 1459 mens
322 1422 351 1458 est
360 1420 446 1459 hominis
457 1433 503 1471 pars
513 1433 564 1469 une„
572 1422 656 1471 locoque

86 1471 138 1514 Fixa
151 1476 218 1511 manet
228 1475 288 1522 certo,
307 1471 364 1509 velut
374 1484 432 1511 aures
443 1474 502 1521 atquc
513 1473 577 1511 oculei
588 1479 639 1520 sunt,

86 1525 152 1573 Atque
163 1523 212 1562 oliei
219 1536 291 1570 sensus,
304 1522 351 1572 quei
358 1521 421 1563 vitam
431 1536 529 1574 quomque
537 1525 660 1576 guiremuut5

50 1584 52 1587 '
87 1575 186 1615 Etveluti
195 1587 271 1623 manus,
284 1577 342 1628 etque
353 1574 428 1623 oculus,
440 1579 522 1615 naresve
535 1577 630 1625 seorsum,
708 1571 749 1617 550

88 1628 170 1668 Secreta
178 1628 205 1666 ab
215 1627 278 1675 nobis,
290 1629 388 1676 nequeunt
396 1627 473 1675 sentire,
485 1641 612 1677 nequeesse:
775 1636 777 1638 ’

88 1679 147 1719 Secta
157 1678 229 1718 etenim
235 1690 302 1729 parvo
311 1679 413 1727 liquuntur
425 1682 513 1729 tempore
522 1680 575 1719 tabi:

36 1768 37 1771 ,
73 1729 125 1770 ”Sic
133 1730 214 1783 animus·
220 1743 256 1781 per
266 1744 288 1770 se
296 1742 336 1770 nou
348 1729 390 1779 quit
399 1730 441 1770 siue
450 1744 533 1782 corpore
543 1731 615 1783 etipse
625 1760 627 1762 -

89 1783 137 1822 Esse
144 1778 232 1831 homine,
244 1783 299 1821 illius
309 1782 364 1832 quasi
374 1782 426 1832 quod
435 1796 470 1823 vas
477 1796 523 1823 esse
531 1785 616 1833 videtur,

87 1834 138 1875 ‘Sive
149 1834 203 1874 aliud
213 1833 299 1884 quidvis
309 1832 373 1883 potius
385 1836 490 1874 connexius
498 1835 524 1874 ei‘
707 1831 750 1875 555

88 1884 185 1937 Fingere3
199 1885 530 1936 quandoquidem.connexu‘oorpus
539 1887 640 1928 adhaeret·
781 1892 787 1898 '

115 1938 204 1989 Denique
213 1939 301 1988 eorporis
309 1941 368 1987 atque
376 1938 438 1978 animi
447 1938 516 1978 vivata'
524 1943 616 1990 potestas,
649 1944 650 1947 ’

89 1988 142 2032 Inter
152 1990 293 2038 recommota,
304 1991 379 2039 valent,
392 1990 473 2040 vitaque
480 1991 586 2033 fruuntur:

91 2039 132 2080 Nec
141 2041 183 2081 sine
193 2054 275 2093 corpore
284 2041 337 2081 enim
345 2042 423 2082 uituleis
436 2044 494 2082 edere
503 2047 569 2083 motus

90 2091 140 2133 Sola
147 2096 211 2144 potest
220 2094 329 2145 animiper
339 2106 360 2134 se
370 2098 453 2142 natura3
466 2100 577 2135 necantem
612 2094 614 2097 ”

91 2143 173 2185 (lassum
183 2145 250 2197 anime
258 2159 328 2196 corpus
339 2147 416 2196 dmarc,
429 2150 450 2186 et
457 2147 544 2198 sensibus
551 2147 587 2189 uti.

92 2194 174 2236 Scilicet
184 2199 263 2238 avolsus
273 2198 372 2245 radicibus
382 2203 405 2238 ut
416 2197 484 2248 nequit
492 2200 556 2240 ullam
644 2201 646 2203 ’

90 2245 192 2297 Dispicere
201 2249 244 2300 ipse
254 2250 322 2290 oculus
330 2263 374 2291 rem
382 2263 471 2290 seorsum
479 2264 562 2301 corpore
573 2253 629 2298 toto}

92 2297 127 2336 Sic
136 2300 203 2345 anima
213 2306 272 2353 atque
281 2302 358 2342 animus
367 2302 403 2354 per
413 2314 434 2342 se
443 2303 473 2341 nil
481 2316 539 2353 posse
548 2302 638 2344 videture

94 2348 201 2400 Nimirum,
214 2355 261 2404 quia
269 2367 305 2405 per
315 2368 374 2395 venus
383 2359 403 2395 et
412 2354 490 2394 viscera
498 2355 583 2404 mixtim,
602 2387 604 2389 v

91 2398 132 2439 Per
142 2415 213 2443 nervos
222 2409 282 2456 atque
290 2419 335 2446 ossa
345 2411 524 2458 tenentur-corpore
536 2409 561 2448 ab
571 2407 636 2449 omni:

92 2450 135 2492 Nee
145 2455 344 2508 magnisintervollie
354 2458 463 2512 primordie
475 2464 557 2511 possunt
