1690 2654
52 124 101 170 402
271 122 553 172 ANNOTATIONES

105 235 158 294 159„
176 234 322 294 Allaudabile]
337 234 368 275 sic
379 237 484 278 edendum
497 238 580 287 curavi,
593 244 618 277 ut
628 236 680 277 mihi
691 243 773 277 consta-

52 300 98 327 rem
108 289 130 324 in
141 287 243 329 eiusmod1
254 287 374 339 compositis
386 291 509 340 scribendis,
523 292 575 330 licet
588 298 660 330 omues
670 291 716 329 lere
724 290 773 329 libri

52 341 167 391 praebeant
176 342 211 379 Ad
222 341 337 391 laudabile,
351 342 406 380 unde
418 344 478 383 Wak.
491 343 570 395 primus
579 343 774 386 fecitAdlaudabi·

52 395 83 438 le;
97 391 160 442 vulgo
170 394 197 431 Id
208 394 324 440 laudabile,
337 403 361 432 ut
371 395 420 436 Brit.
432 398 517 436 1:1unt.
530 403 552 435 et
562 396 606 435 Ald.
616 398 635 436 2.

80 495 84 503 Ι
104 445 149 485 163.
178 445 222 483 ulla
231 447 253 483 ui
263 445 300 495 ex]
314 445 344 484 ita
355 449 404 486 Hav.
414 455 435 486 et
444 444 504 489 Wak.
515 462 564 488 cum
575 448 640 500 Lugd.
654 448 671 487 1.
681 449 700 488 2.
711 445 773 487 vind.

51 499 101 536 unt.
113 498 132 536 3.
145 498 203 539 Cant.
213 495 258 534 Ald.
269 499 289 538 1.
301 500 350 536 Bon.
360 506 380 538 et
389 503 455 548 lunt.;
469 501 517 541 Brit.
530 504 548 542 1.
559 503 651 541 inultam
661 516 696 548 ex,
709 511 774 549 pror-

51 562 85 587 sus
95 548 170 599 iisdem
178 549 289 587 literarum
298 550 406 600 ductibus3
417 557 465 594 Ver.
476 555 528 593 Ven.
539 555 595 596 illum
606 569 637 599 ex,
647 553 707 590 Poor.
718 551 772 590 Brix.

52 603 116 641 ullam
128 603 159 649 de,
173 601 218 640 Ald.
228 603 247 641 2.
259 604 322 641 ullum
333 606 371 653 de,
384 611 408 642 ut
419 605 482 658 vulgo
495 606 570 644 editur.
597 604 637 643 Sed
647 603 734 655 quisque
743 602 773 641 vi-

52 654 99 704 det,
115 654 222 705 quomodo
234 655 341 703 corruptio
354 656 464 706 paullatim
474 657 606 707 processerit.

104 706 149 746 164.
174 721 252 746 summa
266 706 326 746 Wak.
334 706 416 757 recepit
425 719 450 745 ex
461 709 557 746 omnihus
566 706 636 755 libris,
649 706 686 744 sed
696 718 774 758 perpe-

50 771 97 797 ram
115 758 228 795 ablativum
242 756 308 794 habet
320 770 359 808 pro
375 762 397 798 in
413 774 490 798 summa
503 759 529 808 (i.
541 770 559 796 e.
570 762 663 806 taudem,
680 762 773 812 denique,

50 818 75 848 ut
84 813 122 856 ΙΙΙ,
134 810 181 857 81.)
193 808 299 861 positum5
313 810 377 862 longe
387 810 465 849 rectius
476 810 564 849 Orellius
575 817 674 849 neutrum
686 810 773 861 pluralis

50 875 96 901 esse
107 862 164 910 dicit,
177 861 253 898 utiam
262 862 351 900 Knehel.
363 862 502 913 intellexerat,
516 868 608 901 vertens:
623 878 648 902 zu
658 864 724 902 oderat
735 865 773 901 das

54 919 150 954 {faterere
165 915 260 954 lteltrend.
291 914 360 966 Vulgo
375 931 484 966 summam,
503 920 526 952 ut
543 915 591 953 eod.
606 915 652 953 Vat.
666 913 772 965 Lambini,

51 966 89 1018 qui
100 973 180 1004 temere
192 965 247 1004 coni.
254 966 332 1017 fundo,
345 968 399 1005 sicut
409 967 474 1005 Bentl.
485 982 571 1020 pessum.

50 1071 93 1109 VH
106 1018 150 1058 165.
177 1018 278 1071 affingere
292 1030 312 1058 et
327 1020 416 1070 addere]
434 1018 496 1059 Wak.
512 1023 623 1071 comparat
639 1019 696 1058 Caes.
709 1019 731 1057 B.
746 1017 772 1057 G.

73 1119 74 1122 '
99 1100 149 1162 'toa
171 1121 326 1175 aggrediantur]
340 1120 370 1160 sic
381 1121 443 1172 edidi,
456 1121 552 1173 vulgares
563 1121 622 1160 editt.
636 1134 685 1159 cum
694 1121 773 1161 Eichst.

52 1179 73 1212 et
84 1174 147 1211 Orell.
157 1179 262 1223 sequutus.
276 1173 337 1211 Wak.
349 1185 361 1210 e
370 1174 431 1214 Vind.
441 1175 490 1212 Brit.
498 1175 518 1213 3.
529 1174 588 1212 Cant.
599 1173 653 1212 Brix.
663 1175 710 1212 Ver.
721 1175 772 1211 Ven.

51 1225 96 1264 Ald.
108 1228 126 1265 1.
137 1227 187 1262 lion.
197 1224 279 1275 recepit
288 1227 443 1278 aggredientur,
460 1225 516 1275 quod
525 1237 562 1275 pro
577 1228 715 1279 „aggressuri
722 1228 772 1275 sint,

50 1277 85 1316 vel
96 1292 150 1317 aurzc
159 1276 244 1327 utique,'
253 1276 287 1314 vel
295 1277 401 1326 postlac“
414 1276 485 1327 paullo
496 1276 594 1314 audacius
604 1278 662 1314 iubet
672 1275 746 1326 accipi.

104 1326 149 1369 174.
164 1328 308 1377 QctaJBritu
319 1330 374 1376 Quis,
388 1330 435 1366 Bon.
444 1331 490 1378 Qui.
504 1349 531 1357 -
543 1328 649 1377 navitatis]
664 1328 713 1367 Ver.
719 1329 771 1367 Veu.

50 1384 139 1422 novicae.
152 1401 178 1407 —
192 1385 290 1425 amorem]
305 1378 350 1417 Atd.
358 1382 376 1419 1.
389 1382 438 1418 Bon.
449 1395 529 1427 amore,
544 1380 600 1430 quod
611 1379 671 1419 Wak.
681 1392 723 1417 non
735 1379 772 1417 de-

50 1433 115 1472 terius
127 1437 205 1471 censet.
219 1452 245 1460 -
259 1430 380 1481 accendere]
394 1432 456 1470 Poor.
470 1431 515 1471 Ald.
527 1433 545 1471 1.
564 1434 614 1470 Bon.
630 1435 731 1471 accedere.
745 1451 772 1459 -

51 1485 102 1535 tal]
116 1486 177 1521 Poor.
193 1483 244 1521 Brit.
258 1486 287 1529 1.;
302 1496 312 1521 e
329 1483 403 1534 quibus
420 1484 516 1521 omnibus
530 1482 582 1521 nihil
594 1495 667 1521 eruere
677 1495 771 1533 possum,

51 1536 108 1587 quod
118 1535 215 1587 vulgatae
224 1534 328 1585 praeferri
337 1541 449 1572 mereatur.
462 1537 510 1573 Post
519 1534 576 1573 hunc
586 1547 669 1572 versum
677 1537 699 1572 in
710 1536 771 1573 Poor.

51 1589 99 1627 Brit.
108 1590 177 1628 123.
191 1588 252 1627 Cant.
264 1594 284 1626 et
295 1586 391 1624 omnihus
403 1587 461 1627 editt.
471 1593 522 1626 vett.
533 1587 589 1624 male
599 1586 689 1624 insertur
699 1587 770 1628 v.177.

105 1640 147 1679 177.
175 1640 208 1677 De
225 1638 341 1690 graecismo
353 1638 392 1676 illo
406 1640 463 1678 nobis
477 1654 518 1677 nan
532 1653 575 1677 esse
588 1641 663 1677 creatis
673 1638 706 1675 vix
719 1650 771 1688 opus

52 1698 84 1729 est
96 1698 120 1729 ut
136 1690 226 1782 dinamio
238 1691 301 1730 Plura
319 1689 415 1741 exemplo
427 1689 516 1729 contulit
527 1689 625 1730 Ruddim.
634 1691 684 1728 Inst.
697 1690 733 1728 Gr.
744 1691 770 1729 ΙΙ.

68 1745 108 1784 ,15
118 1756 133 1779 ε.
147 1748 190 1780 not.
227 1771 232 1780 .

51 1756 65 1794 P
105 1796 149 1834 180.
176 1809 223 1833 aera
240 1796 310 1840 citae]
325 1795 384 1832 Cant.
399 1810 445 1834 uere
460 1796 532 1834 citam.
548 1814 573 1822 -
603 1794 695 1839 cetaria]
709 1793 770 1831 Poor.

51 1846 103 1887 Erit.
112 1850 130 1886 1.
144 1848 202 1885 Cant.
211 1845 265 1884 Brir.
275 1846 323 1886 Ver.
335 1848 385 1886 ten.
397 1848 496 1898 gestavit.
521 1807 652 1885 Wakeieldo
670 1856 714 1883 non
731 1844 772 1882 dis-

50 1898 157 1950 plicuisset
166 1900 231 1937 uicam
240 1900 334 1950 gustavit
345 1912 420 1947 amore.

105 1952 150 1990 181·
177 1950 233 1999 Nec]
250 1950 297 1992 Brit.
306 1951 326 1989 2.
337 1952 390 1988 Non.
404 1948 537 1998 -numer0]
552 1947 614 1986 Poor.
626 1946 676 1987 Brit.
685 1949 704 1987 1.
714 1963 771 1987 mun·
825 1966 829 1972 ’-

52 2005 90 2045 do,·
106 2015 149 2038 non
164 2001 264 2048 absurde,
279 2006 303 2038 ut
317 2001 377 2048 Wak.
389 2006 470 2051 censet,
483 1999 519 2038 cui
527 2007 600 2037 tamen
611 2005 697 2049 recepta
707 1999 770 2038 lectio

52 2052 173 2103 exquisitior
185 2059 205 2090 et
215 2051 318 2091 eruditior
326 2052 414 2092 videtur.
427 2071 453 2082 -
465 2049 564 2101 creatum]
575 2050 670 2088 Heinsius
679 2051 706 2089 ad
713 2051 771 2089 Ovid.

51 2106 132 2144 Nucem
143 2117 162 2143 v.
170 2105 214 2145 107.
225 2103 326 2156 quosdam
338 2103 402 2143 Godd.
414 2115 484 2144 creato
492 2102 570 2142 habere
577 2102 680 2154 perhibet,
691 2104 728 2154 qui
738 2109 771 2141 ta-

51 2169 102 2194 men
111 2156 155 2194 aliis
168 2168 252 2207 prorsus
262 2155 365 2208 incogniti
375 2162 430 2195 suut.
459 2157 531 2195 Creaeo
541 2165 591 2193 vero
601 2154 655 2193 nihil
664 2154 722 2193 aliud
732 2161 770 2201 est,

53 2221 118 2260 quam
130 2212 210 2256 ereutii,
222 2208 237 2248 i.
249 2221 265 2247 e.
276 2219 372 2248 creatum.

105 2261 149 2299 133.
177 2258 209 2300 dis
218 2262 272 2300 unde
281 2259 324 2310 est]
338 2258 369 2298 sic
378 2257 440 2297 Wak.
451 2269 500 2297 eum
509 2256 576 2311 Lugd.
587 2258 605 2299 1.
615 2259 636 2299 2.
648 2257 718 2307 Bodl„
731 2270 771 2295 nec

52 2311 120 2351 multo
135 2311 195 2348 aliter
206 2311 254 2348 Brit.
268 2312 286 2351 1.
301 2314 358 2351 Cant.
370 2313 424 2350 divis
433 2313 487 2349 unde
497 2321 539 2359 esc,
554 2310 613 2348 Vind.
627 2309 676 2350 Brit.
685 2311 704 2349 3.
716 2313 770 2349 diui-

52 2380 97 2404 cum
112 2374 155 2410 est,
167 2362 217 2402 Brit.
226 2365 245 2402 2.
262 2365 316 2402 divis
331 2365 400 2410 deest,
413 2363 476 2401 Poor.
489 2361 542 2402 Brix.
554 2363 602 2400 Ver.
615 2364 667 2401 ven.
683 2364 771 2401 diuisum

53 2419 120 2462 deest,
135 2414 180 2451 Ald.
191 2415 209 2454 1.
219 2415 239 2453 2.
250 2416 300 2452 Bon.
312 2416 367 2455 Iunt.
379 2416 433 2453 dicis
443 2416 505 2459 unde,
518 2418 543 2451 ut
555 2413 617 2465 vulgo
628 2412 702 2452 editur.

106 2467 149 2508 185.
170 2465 279 2518 ‘unquam]
297 2465 367 2516 ,‚ttrit.
376 2467 396 2506 1.
408 2468 503 2519 inquam,
515 2476 559 2505 uon
569 2465 667 2517 illepide,
679 2464 725 2503 vice
734 2478 771 2504 ua·

52 2521 137 2573 quara.⁴‘
151 2521 184 2559 W
185 2532 199 2558 a
205 2521 225 2559 k.
