1690 2654
133 106 166 151 96
320 106 363 146 DE
380 105 505 148 RERUM
519 105 659 148 NATURA

185 212 254 267 Quare
265 214 326 257 etiam
339 216 391 267 quot
405 217 451 266 olet,
463 229 503 256 non
515 218 557 257 tam
570 215 632 257 facile
643 228 685 258 esse
696 215 773 258 videbis

185 269 312 321 investigare,
324 269 345 308 in
358 283 397 320 qua
409 270 435 310 sit
447 270 529 321 regione
542 271 635 310 locatum.

133 318 173 361 705
185 322 308 374 Refrigescit
319 322 373 361 enim
387 324 494 362 conctando
506 323 569 374 plaga
582 335 617 373 per
630 335 699 370 auras3

158 383 160 385 '
184 374 225 413 Nec
238 374 302 413 calida
316 375 342 413 ad
354 383 432 414 sensum
444 376 555 423 decurrunt,
568 374 637 414 nuntia
649 388 723 414 rerum.

133 474 135 478 ι
169 458 171 461 ⁴
185 426 260 466 Errant
272 439 331 477 saepe
343 440 401 467 canes
411 428 486 478 itaque,
499 431 519 466 et
530 427 617 479 vestigia
629 432 731 476 quaerunt.

209 479 251 519 Nec
263 482 330 519 tamen
341 480 381 519 hoc
394 480 440 521 solis
451 479 580 530 'inamatus
592 483 650 529 atque
662 491 756 530 saporum
794 511 796 514 .

183 530 206 569 ln
218 544 292 582 genere
304 535 342 580 est3
356 533 391 572 secl
401 533 451 573 item
464 533 539 583 species
550 545 619 571 rernm
631 534 690 581 atque
702 533 778 572 colores

132 578 173 622 ili]
184 582 232 622 Non
242 584 271 623 ita
283 585 399 624 conveniunt
411 587 437 624 ad
449 598 516 625 sensus
528 584 618 623 omnibns
631 596 705 634 omnes,

184 636 212 674 Ut
223 649 263 674 non
274 636 313 688 sint
325 636 381 676 alieis
395 638 493 688 quaedam
505 637 571 687 magis
583 636 639 675 aeria
650 635 702 676 visu.

184 687 311 737 Quinetiam
324 690 407 740 gallum,
421 694 499 728 noctem
511 688 657 738 explodentibus
670 688 715 738 alis,
731 700 742 706 ’

183 741 282 778 Auroram
294 741 348 779 clara
361 745 475 784 consuetum
487 753 537 779 voce
548 752 627 786 vocare,
674 756 676 758 ·

183 791 240 839 Nona
249 795 322 841 queunt
333 793 409 842 rapidei
422 796 490 831 contra
502 796 591 830 constare
603 792 675 839 leones,

130 836 170 879 715
181 842 245 891 Inque
257 843 320 882 tueri:
333 844 362 883 ita
374 844 465 883 continuo
477 844 585 882 meminere
596 844 662 894 fugai:

182 894 289 943 Nimirum,
302 896 349 946 quia
361 901 406 936 sunt
417 897 517 948 gallorum
529 896 550 934 in
563 908 644 945 corpore
656 893 752 944 quaedam

181 946 273 995 Semina
282 960 339 997 quae,
352 961 413 998 quom
425 948 471 987 sunt
483 947 556 987 eculeis
568 947 658 986 immissa
668 947 760 996 leonnmf

153 1049 155 1051 Ι
181 998 272 1048 Pnpillas
283 1000 419 1049 interfodiunt,
431 1012 537 1050 acremque
549 999 637 1037 dolorem

163 1074 165 1077 >
180 1050 284 1099 Praebent,
297 1056 320 1091 ut
331 1056 427 1102 nequeant
440 1056 508 1091 contra
520 1053 592 1089 durare
606 1053 694 1097 feroces3

128 1097 169 1139 72⁰
182 1103 249 1151 Quom
261 1107 328 1142 tamen
339 1106 390 1143 haec
402 1106 479 1143 nostras
491 1104 543 1143 acies
555 1103 584 1141 nil
596 1104 674 1142 laedere
685 1102 769 1152 possint:

180 1154 221 1195 Aut
233 1154 280 1204 quia
292 1166 332 1194 nou
343 1159 451 1205 penetrant,
464 1160 499 1194 ant
511 1155 564 1205 quorl
576 1154 721 1204 penetrantibus
736 1154 792 1196 olleis
819 1177 821 1179 v

113 1223 117 1228 -
180 1206 250 1246 Exitus
263 1219 287 1247 cx
303 1208 429 1247 oculis‘libcr
440 1208 504 1255 datrrr,
517 1208 538 1245 in
550 1206 667 1246 remorando

179 1258 267 1297 Laedere
278 1272 304 1298 ne
315 1259 389 1311 possint
401 1273 425 1298 ex
438 1261 480 1308 ulla
491 1258 568 1297 lmnina
579 1261 642 1309 parte.

206 1310 263 1350 Nunc
270 1324 319 1361 age,
332 1324 383 1361 quae
391 1314 483 1350 moveant
494 1311 582 1349 animum
590 1324 628 1357 res,
639 1308 717 1359 accipe3
731 1312 750 1349 et
759 1310 817 1359 uncle,

128 1355 168 1398 725
181 1361 237 1412 Quae
248 1364 338 1411 veniunt,
351 1363 432 1402 veniant
443 1363 464 1401 in
475 1366 569 1408 mentem,
581 1362 661 1412 percipe
673 1362 748 1411 paucis.

205 1414 305 1465 Principio
317 1416 356 1454 hoc
369 1415 419 1462 dico,
431 1428 498 1453 rernm
510 1415 616 1453 simulacra
628 1414 699 1465 uagari

178 1466 244 1505 Multa
255 1467 319 1506 modis
331 1467 400 1506 multis
414 1467 435 1504 in
447 1468 526 1505 cunctas
539 1467 625 1515 undique
637 1466 734 1515 parteis‘

178 1518 263 1566 Tenvia,
277 1532 328 1568 qnae
341 1519 401 1557 facilc
413 1519 464 1557 inter
476 1531 497 1556 se
509 1519 617 1569 iunguntur
629 1517 650 1555 in
665 1517 726 1565 auris,

179 1569 244 1609 Obvia
257 1584 316 1620 quom
328 1570 419 1618 veniunt3
432 1574 454 1608 ut
467 1583 540 1609 aranea
552 1571 670 1618 bracteaque
681 1569 732 1609 auri.

126 1614 166 1657 73⁰
179 1621 257 1671 Quippe
269 1622 342 1661 etenim
354 1624 417 1660 multo
430 1622 495 1672 magis
506 1623 556 1661 haec
569 1627 614 1660 sunt
627 1621 693 1660 tenuia
705 1624 769 1671 textu,

142 1695 145 1699 ⁴
178 1675 244 1721 Quam
257 1686 308 1722 quae
319 1674 429 1723 percipiunt
441 1674 516 1720 oculos
528 1673 631 1722 visumque
642 1674 751 1722 lacessunt;

178 1724 270 1773 Corporis
283 1726 334 1763 haec
346 1725 439 1775 quoniam
451 1722 552 1774 penetrant
563 1737 599 1773 per
610 1736 662 1771 rara,
675 1724 765 1775 cientque

115 1776 116 1779 ’
177 1776 342 1815 Tenvemanimi
353 1780 445 1815 naturam
457 1777 515 1823 intus,
527 1788 644 1824 sensmnque
658 1768 762 1818 lacessirnt.

203 1828 310 1867 Centauros
321 1828 389 1878 itaque
403 1831 423 1866 et
435 1828 548 1879 Scyllarum
559 1829 651 1865 membra
665 1827 760 1879 videmus,

124 1872 164 1916 735
176 1878 323 1929 Cerbereasque
335 1893 406 1919 canum
417 1880 505 1928 fauceis,·
512 1879 657 1928 simulacraque
669 1891 744 1930 eorum,

176 1932 266 1980 Quorum
278 1935 343 1971 morte
356 1932 411 1970 obita
423 1932 479 1970 tellus
491 1931 622 1981 amplectiturv
630 1943 692 1970 ossas

177 1983 241 2021 Omne
253 1997 321 2034 genus,
333 1984 428 2034 qnoniam
440 1982 515 2032 passim
528 1982 634 2020 simulacra
646 1982 744 2034 feruntur,

174 2035 252 2073 Partim
265 2040 334 2085 sponte
346 2048 382 2073 sna
394 2039 445 2084 quae
457 2035 507 2073 fiunt
519 2036 565 2072 aere
576 2032 597 2071 in
609 2033 659 2082 ipso,
686 2067 687 2070 ,
707 2050 716 2057 ’·

161 2087 252 2125 -Partim
264 2100 315 2136 qnae
326 2087 386 2125 variis
399 2087 424 2124 ab
437 2086 495 2123 rebus
508 2097 607 2134 quomque
617 2085 716 2134 recedunt,
731 2090 733 2092 ’

123 2131 163 2175 740
175 2139 201 2176 Et
215 2151 266 2187 quae
278 2138 384 2177 conficiunt
397 2149 421 2175 cx
432 2138 506 2174 horum
520 2137 573 2173 facta
585 2136 661 2186 figuris.

174 2189 227 2228 Nam
239 2194 293 2229 cente
305 2203 329 2229 ex
341 2190 387 2228 vivo
401 2186 493 2227 Centauri
505 2199 544 2225 non
556 2187 579 2225 lit
591 2186 666 2239 imago,

170 2241 234 2279 ,Nulla
246 2243 285 2281 fnit
297 2241 392 2292 qnoniam·
402 2239 447 2279 talis
459 2242 530 2277 natura
543 2238 628 2278 animai:
668 2286 670 2289 v
783 2276 785 2281 ,

173 2292 246 2330 Verum
259 2293 294 2332 nbi
306 2293 353 2342 equi
365 2290 521 2342 atque-hominis
534 2302 580 2328 casu
592 2291 682 2330 convenit
694 2291 769 2347 imago,

172 2342 276 2383 Haerescit
286 2345 346 2383 facile
359 2344 463 2392 extemplo,
476 2341 528 2393 quod
541 2341 625 2381 diximus
638 2349 690 2392 ante,
712 2352 714 2355 “

122 2389 162 2430 745
174 2394 257 2444 Propter
269 2396 463 2434 subtilem-naturam
478 2399 497 2432 et
509 2394 575 2432 tenvia
586 2399 644 2433 tenta.

201 2446 271 2485 Cetera
283 2447 308 2484 de
319 2459 392 2496 genere
403 2446 442 2484 hoc
454 2446 522 2483 cartem
535 2446 611 2485 ratione
623 2450 718 2490 creantur,

151 2497 231 2548 *Quae
243 2510 304 2548 quom
316 2497 415 2537 mobiliter
426 2509 504 2537 summa
516 2497 597 2537 levitate
609 2499 705 2546 feruntur,
748 2520 751 2525 ·
