1690 2654
230 116 271 156 nu
287 115 423 156 utueutt
441 115 604 167 Qniurun.
732 111 780 158 419

60 228 141 264 iunctus
157 235 188 272 et,
206 237 270 275 quare
286 225 347 266 Wak.
362 232 433 276 putat,
447 226 536 264 fortasse
547 238 621 264 verum
632 236 676 263 esse
689 226 779 263 Coniun-

60 290 93 316 ctu
103 281 142 322 'erg
156 289 244 314 menon
256 278 386 316 assentiente.
402 300 427 306 -—
441 279 518 328 animi]
533 278 599 318 Bentl.
611 278 665 316 coni.
677 280 765 317 animae.

111 341 156 380 568.
185 343 298 390 „Atticam
308 342 321 381 i.
329 355 346 380 e.
359 342 386 380 ad
398 343 491 393 quemvis
501 342 577 379 locum
583 342 668 379 mittere
677 340 710 379 vel
721 341 778 379 iacu-

59 391 109 438 lari,
124 394 150 430 ab
159 394 245 444 antiqua
257 392 349 431 dictione
362 396 423 433 lacio.
438 416 463 422 -
477 396 567 433 Allicere
579 392 643 444 igitur
652 393 779 445 generaliter

60 451 81 482 et
92 444 138 481 laxe
151 451 219 495 potest
234 443 329 495 ἐπάγειν,
345 448 445 485 adducere
457 445 478 482 in
490 445 596 495 quendam
606 445 688 493 locum,
703 460 778 497 oppor-

60 507 116 541 rare‚·
135 495 190 532 unde
206 503 334 547 pervagatus·
346 509 428 543 sensus,
442 496 519 535 blande
533 503 637 543 tractare,
652 496 778 544 demulcere,

55 548 145 600 fallere:
165 546 223 596 quod
236 548 322 598 propius
337 548 443 599 tangendo
458 555 521 599 atque
537 548 648 586 tractando
662 548 712 589 fit.“
744 548 778 585 Sic

60 599 132 644 trau,
147 599 183 649 qui
196 599 238 636 hoc
252 600 340 636 verbum
356 612 381 637 er
399 600 495 638 omnibus
509 600 567 638 libris
581 600 687 639 substituit
698 599 779 652 vulgari

60 653 168 699 Adiicere,
182 662 235 702 quae
248 663 259 688 e
269 651 366 689 Lambini
376 651 460 703 ingenio
471 652 538 692 fluxit.

112 714 157 754 569.
185 716 225 755 Nil
233 718 321 762 missus]
335 716 420 762 Retinui
430 714 575 755 felicissimam
586 715 722 755 Eiclistaedtii
730 728 780 754 eon-

60 767 175 816 iecturam,
191 779 254 817 quarn
268 774 353 818 praeter
367 768 432 807 Codd.
444 768 530 819 vestigia
541 769 604 806 etiarn
615 769 675 807 locus
685 770 720 815 IV,
733 767 779 808 409.

60 817 174 856 defendere
185 818 278 866 videtur,
291 819 327 856 ubi
337 818 394 857 idem
406 820 557 858 substantivum
573 824 646 860 missus
661 820 778 859 adhibetur.

60 873 135 907 Sensus
153 876 225 908 antem
242 876 282 909 est:
296 873 325 908 Ex
341 884 381 921 quo
395 871 506 910 intervallo
523 870 582 922 ignes
598 872 667 910 radios
682 871 779 910 emittere

59 922 126 973 iisqne
144 935 233 972 corpora
250 929 322 960 nostra
338 922 455 962 calefacere
467 930 564 975 possunt,
580 936 604 961 ex
615 923 657 962 hoc
667 922 779 961 intervallo

61 974 126 1024 (licet
135 980 216 1012 tanturn
227 974 360 1012 intervallum
370 975 410 1024 sit)
424 978 497 1014 missus
512 975 565 1026 ignis
580 975 606 1024 (i.
625 988 641 1013 e.
659 974 779 1013 emissiones

61 1027 129 1077 quasi,
146 1025 179 1063 vel
189 1026 257 1064 emissi
267 1026 321 1064 radii
331 1026 397 1078 ignis)
411 1026 464 1064 nihil
478 1027 556 1064 librant
572 1026 597 1064 de
614 1039 703 1077 corpore
717 1026 779 1064 flam-

59 1090 143 1115 marum
158 1077 223 1126 (nihil
234 1078 346 1117 detrahunt
357 1079 382 1116 de
393 1080 482 1129 corpore
492 1079 584 1124 flamm,
597 1091 640 1116 non
655 1078 779 1116 deminuunt

61 1142 136 1178 corpus
146 1129 182 1175 fl.;
196 1135 220 1168 ut
229 1132 329 1169 delibrare
343 1130 369 1178 (i.
377 1143 394 1168 e.
404 1131 490 1181 proprie
500 1130 578 1168 librum
589 1130 623 1167 vel
634 1131 735 1168 corticem
745 1142 779 1167 ar-

60 1181 108 1219 bori
117 1181 252 1230 detrahere),
268 1182 324 1232 quod
334 1182 461 1220 nictantem
471 1182 494 1219 in
505 1182 555 1220 duas
567 1194 628 1220 voces
639 1182 731 1220 solutum
742 1188 779 1229 est,

61 1233 124 1271 etiam
136 1236 170 1281 lll,
181 1235 237 1273 1101.
248 1247 261 1271 a
271 1233 369 1273 Lucretio
379 1240 498 1285 usurpatur.
526 1235 614 1272 Ceterae
624 1234 694 1272 variae
704 1233 779 1272 lectio-

60 1298 97 1322 nes
113 1291 134 1323 et
150 1286 283 1323 coniecturae
297 1285 327 1323 sic
343 1298 365 1323 se
379 1286 469 1324 habent:
489 1286 553 1337 Lugd.
569 1287 587 1324 1.
600 1288 619 1325 2.
637 1285 699 1326 Bodl.
715 1285 777 1327 Vind.

60 1337 139 1377 tritt.
152 1339 171 1377 2.
182 1338 201 1378 3.
218 1338 271 1375 Erix.
283 1339 330 1376 Ver.
340 1339 392 1378 Ven.
407 1340 468 1377 Nihil
477 1341 529 1384 nisi,
542 1337 591 1374 libri
603 1337 689 1387 quidam
701 1337 779 1374 Gifanii

60 1392 101 1428 visi
112 1392 158 1437 nisi,
172 1391 231 1428 Poor.
245 1389 381 1430 nantaldi.
393 1391 445 1440 Bon.
457 1392 510 1427 lunt.
522 1391 597 1442 Nz'lque
608 1391 649 1428 nisi
658 1405 688 1438 ex,
703 1389 776 1429 Ald.2.

61 1443 100 1480 att
112 1445 161 1493 ipsis
177 1458 213 1487 ex,
227 1454 280 1492 quae
293 1442 356 1479 etiam
369 1455 418 1479 cum
431 1443 484 1479 lunt.
497 1443 562 1480 libant
572 1440 635 1477 habet
644 1454 682 1492 pro
696 1443 778 1480 librant.

62 1494 136 1531 Lamh.
150 1493 203 1534 coni.
215 1496 256 1532 Illa
266 1496 357 1546 ipsoint.
370 1516 396 1522 -
409 1495 484 1540 libant,
498 1505 551 1543 quae
565 1492 655 1543 vulgaris
668 1492 732 1530 lectio
745 1492 778 1530 fa-

63 1550 107 1590 cta,
123 1544 193 1584 Gifan.
208 1547 268 1585 Nihil
280 1549 335 1585 visus
346 1548 383 1584 int.
396 1567 423 1574 -
436 1546 514 1592 litant,
528 1543 587 1581 Wak.
600 1544 690 1596 denique
701 1556 712 1582 e
722 1543 776 1583 coni.

63 1595 127 1634 edidit
138 1598 198 1636 athi}
207 1599 253 1650 ipsa
264 1599 372 1637 intervallo
380 1601 402 1637 in
412 1600 440 1637 sis
450 1600 469 1636 d.
480 1613 498 1636 c.
506 1598 590 1636 librant.

113 1662 157 1701 570.
185 1662 249 1712 nihil]
264 1662 294 1700 sio
308 1661 369 1704 Wak.
382 1674 431 1702 cum
448 1661 542 1701 omnibus
558 1662 604 1700 fere
618 1658 688 1707 libris;
702 1658 747 1701 Ald.
759 1662 777 1702 l.

63 1714 111 1751 Bon.
120 1715 196 1753 nihilo.
210 1720 234 1750 nt
241 1714 312 1765 vulgo.

113 1765 159 1804 577.
186 1765 238 1802 Inde
249 1766 326 1805 abhoc
338 1778 397 1804 versu
407 1777 496 1816 magnae
506 1765 581 1803 turbae
592 1764 613 1802 in
626 1763 689 1804 Codd.
702 1763 779 1801 excita-

62 1822 101 1853 tae.
128 1818 183 1854 Nam
196 1817 218 1854 in
230 1818 295 1870 Lugd.
307 1821 324 1857 1.
336 1821 354 1857 2.
367 1820 427 1856 Cant.
439 1817 528 1867 (Brix.?)
545 1819 591 1855 Ver.
603 1817 654 1854 Ven.
666 1828 735 1853 versus
749 1815 781 1854 stc

62 1879 84 1904 se
101 1868 205 1918 excipiunt
219 1870 264 1909 570.
275 1871 319 1910 572.
329 1872 373 1910 573.
384 1868 428 1911 574.
438 1871 482 1909 571.
492 1876 512 1907 et
522 1870 567 1908 572.
584 1868 696 1917 repetitns3
715 1873 778 1917 atque

45 1953 51 1963 s
63 1918 84 1955 in
97 1920 156 1956 vind,
167 1927 187 1958 et
201 1922 248 1962 Brit,
256 1923 274 1961 3Ι
285 1928 342 1960 certe
352 1936 370 1961 v,
381 1924 426 1962 571.
439 1934 476 1959 suo
487 1921 534 1959 loco
547 1926 615 1958 motus
628 1918 721 1970 sequitur
730 1924 778 1967 post

63 1983 81 2007 v.
88 1969 133 2009 574.
159 1975 181 2009 ln
192 1974 252 2013 Poor.
263 1974 289 2012 oh
298 1974 447 2026 repetitionem
457 1974 526 2015 v.572.
538 1984 609 2010 versus
618 1972 663 2012 571.
675 1971 720 2011 573.
732 1967 778 2010 574.

63 2033 146 2070 prorsus
158 2025 227 2062 omissi
238 2032 292 2066 sunt.

114 2075 159 2114 573.
181 2078 242 2126 filum
257 2077 349 2116 Turnehi
367 2083 397 2116 est
414 2078 546 2126 coniectura,
569 2087 633 2127 quam
647 2073 708 2114 Wak.
729 2073 778 2115 Cod.

64 2124 112 2162 Brit.
123 2128 141 2165 1.
156 2131 315 2180 comprobatam
328 2130 386 2168 vidit.
413 2130 479 2181 Lugd.
492 2131 509 2167 1.
521 2129 578 2167 Bodl.
590 2127 650 2167 Vind.
662 2127 714 2164 Brit.
726 2128 745 2165 2.
758 2127 777 2165 3.

64 2176 112 2234 Ver.
121 2179 172 2218 Ven.
187 2184 245 2220 illum
258 2182 298 2232 (de
310 2181 376 2233 Lugd.
385 2183 410 2220 2:
418 2188 475 2219 tacet
484 2182 560 2228 Han),
576 2180 634 2216 Cant.
648 2178 702 2216 Innt.
714 2180 778 2225 illinc,

63 2228 116 2265 Brrx,
128 2229 172 2268 Ald.
187 2234 203 2271 1.
212 2235 261 2273 Bon.
272 2236 344 2281 lunae,
357 2232 402 2271 ntd.
411 2235 431 2274 2.
442 2235 520 2281 lumen,
535 2244 585 2283 quas
596 2242 668 2270 omnes
677 2229 777 2269 lectiones

63 2279 135 2316 Lamh.
146 2295 228 2334 quoque
239 2298 249 2322 e
262 2286 302 2323 suis
313 2285 371 2338 libris
380 2293 538 2323 commemorat.

93 2391 96 2399 Ι
115 2344 160 2384 576.
185 2363 221 2388 suo
239 2351 300 2390 Walt.
316 2351 396 2400 recepit
410 2363 421 2388 e
435 2352 483 2388 Ver.
497 2350 559 2395 Ven.;
578 2346 644 2399 Lugd.
656 2348 674 2389 1.
684 2348 704 2388 2.
720 2345 777 2384 Bodl-

65 2393 112 2431 Brit.
121 2396 140 2434 2.
152 2397 204 2439 Erix.
215 2416 253 2441 sua
260 2419 267 2447 ,·
278 2402 354 2454 reliqui
364 2402 412 2440 libri
423 2417 491 2449 suom,
505 2408 529 2438 ut
544 2400 607 2452 vulgo
620 2399 692 2438 editur.
720 2399 777 2434 Cete-

64 2455 112 2481 rum
130 2458 153 2484 ex
167 2448 215 2495 hoc,
223 2460 243 2491 et
257 2455 323 2504 priori
332 2467 393 2493 versu
404 2454 483 2505 Apulei.
496 2453 522 2491 de
532 2452 570 2491 deo
581 2457 638 2491 socr.
647 2465 667 2502 p.
677 2449 721 2490 224.
733 2448 776 2498 Hip.

65 2493 126 2535 affert
136 2500 199 2541 verba
208 2507 298 2546 Noricam
308 2509 373 2547 iactat
382 2509 407 2547 de
417 2522 498 2561 corpore
509 2508 579 2546 lucem.
