1690 2654
66 65 115 110 486
270 61 551 106 ANNOTATIONES

119 171 164 212 242.
191 172 296 221 demoliri]
311 170 340 210 sic
350 170 418 225 Lugd.
430 173 451 212 Ξ.
464 172 509 212 ild.
524 175 542 214 1.
552 168 572 214 Ξ.
582 176 632 213 Bou.
646 174 715 221 tunt..
729 186 788 225 quos,

67 225 162 264 Bentleio
174 223 239 260 etiam
249 224 356 273 suadente,
371 237 420 262 cum
427 225 486 276 vulg.
499 226 557 263 editt.
573 233 593 264 et
602 226 678 264 Eichst.
690 231 789 277 sequutus

68 288 125 322 sum3
147 275 224 325 reliqui
239 274 289 313 libri
299 278 421 325 commoliri,
440 277 497 327 quod
509 277 570 317 Wak.
583 276 689 316 edendum
702 277 789 327 curavit,

68 328 105 367 etsi
116 340 127 365 e
138 341 156 365 v.
168 327 213 367 255.
226 326 267 365 huc
276 327 402 365 translatum
412 327 514 368 videatur.

120 378 166 419 244.
191 380 284 431 possint]
304 380 334 417 sic
344 379 441 430 vulgares
457 380 515 421 editt.
528 379 647 428 etEichst.;
667 378 728 419 Wak.
739 391 789 417 vero

69 432 151 470 eBodl.
166 432 226 468 Poor.
239 430 288 471 Brit.
298 433 316 471 1.
326 432 346 472 3.
363 435 421 471 cant.
433 438 454 469 et
466 439 516 470 vett.
530 431 588 471 editt.
605 432 685 483 recepit
695 442 789 485 possunt,

69 495 133 574 qihem
149 481 286 522 indicativum
297 482 405 535 quomodo
421 484 480 523 locus
496 484 608 524 commode
617 484 727 535 admittat,
746 495 790 521 uon

68 550 89 575 vr
105 548 137 574 eo.

120 587 167 627 245.
193 598 213 626 te
222 587 281 624 abest
290 600 302 624 a
313 587 379 638 Lugd.
387 589 405 627 1.
417 587 475 628 Bodl.
485 587 547 626 Vind.
554 589 614 626 Poor.
625 587 699 627 uriel.
707 587 727 627 3.
736 585 790 624 Brir.

69 641 119 678 Ver.
129 640 194 685 ven.;
213 638 278 689 Lugd.
289 640 308 678 2.
318 653 391 690 quam,
410 651 475 690 quare
486 640 544 677 Voss·
559 638 613 679 coni.
624 654 688 692 neque
698 653 755 692 quem
768 640 790 677 in

71 708 103 745 pr.
113 697 153 731 etc.
180 689 357 738 secluderet.
690 694 693 696 ’

121 742 167 782 246.
193 745 276 794 gignier
287 741 310 790 e]
329 742 368 778 Hic
380 741 444 779 etiam
455 740 573 793 vulgatam,
586 741 663 781 Eichst.
674 742 738 789 duce,
753 752 790 777 re-

70 795 196 841 vocavimus,
211 806 275 843 quam
286 792 383 830 exhibent
395 793 439 831 Ald.
447 793 491 833 1.2.
503 796 553 832 Bon.
565 797 632 840 lunt.;
647 806 687 831 nec
699 793 791 836 multum

71 846 172 884 differunt
182 845 249 897 Lugd.
261 847 279 885 1.
290 847 310 886 2.
324 845 383 885 Bodl.
395 845 456 885 Vind.
468 844 516 884 Brit.
527 847 547 886 3.
560 845 613 884 Brix.
623 847 670 885 Ver.
683 846 744 892 Vem,
758 847 790 895 gi-

70 902 107 951 gni
122 899 280 948 epraeheutes‚
300 910 363 949 quem
377 897 440 935 metri
458 897 567 935 defectum
584 896 650 935 ceteri
664 897 694 935 sic
706 896 789 947 explere

70 948 167 987 student:
186 950 248 987 Poor.
258 952 357 1002 progigni
371 952 403 995 in,
425 948 477 990 Brit.
490 950 507 988 1.
516 952 648 1002 progignis,
666 950 725 988 eant.
738 961 791 987 nunc

71 1004 132 1055 gigni
142 1018 159 1041 e.
186 999 247 1040 Wak.
261 1013 271 1039 e
283 1002 340 1051 coni.
353 999 418 1038 edidit
428 1002 488 1053 gigni
497 1003 529 1040 de.

123 1051 169 1093 247·
195 1056 318 1099 exstructis]
334 1052 391 1090 Bodl.
402 1053 463 1091 Vind.
476 1052 525 1094 Brit.
537 1053 556 1092 1.
566 1051 620 1090 Brix.
629 1051 677 1090 Ver.
682 1051 734 1090 Ven.
743 1048 789 1088 Ald.

71 1105 91 1145 1.
106 1106 157 1143 Bon.
172 1108 281 1152 extractis,
302 1104 359 1154 quod
374 1116 385 1141 e
401 1104 505 1154 scriptura
520 1107 619 1143 extructis
634 1110 716 1150 ortum,
737 1113 790 1153 quae

72 1160 183 1205 comparet
200 1168 219 1193 v.
231 1168 250 1195 c.
265 1156 288 1192 in
300 1158 355 1193 lunt.
369 1161 390 1193 et
402 1154 448 1194 Ald.
456 1157 477 1195 2.
502 1156 550 1194 Pius
563 1155 625 1193 affert
637 1156 702 1194 etiam
713 1154 791 1192 lectio-

44 1216 48 1220 '
71 1219 121 1246 rtem
136 1209 241 1246 extrusiss
393 1211 396 1214 '

123 1259 169 1298 251.
189 1257 403 1308 Acheruntareamur]
414 1256 791 1309 Ver.Ven.adieruntarctamurfflrit.

72 1312 91 1351 3.
105 1312 194 1349 odierint
204 1325 260 1357 aera,
275 1322 329 1359 quae
340 1316 389 1347 sunt
400 1316 485 1359 apertae
496 1311 641 1359 corruptiones
653 1316 751 1359 receptae
761 1309 791 1346 le-

72 1362 159 1409 ctionis,
179 1373 232 1411 quae
243 1361 393 1409 comprobatur
403 1360 466 1399 etiam
478 1361 514 1410 IV,
525 1362 583 1411 171..
597 1361 635 1399 ubi
645 1373 715 1400 versus
723 1359 792 1399 nostri

72 1415 110 1454 251
122 1436 147 1442 -
156 1412 203 1454 254,
213 1413 255 1450 iam
267 1411 394 1464 adfuerunt,
407 1416 474 1453 rearis
484 1413 548 1451 modo
557 1425 596 1463 pro
606 1429 687 1453 reamur
697 1413 772 1464 posito.

124 1467 170 1506 252.
196 1462 318 1517 complesse]
333 1468 391 1503 Poor.
404 1467 516 1518 complexa,
529 1465 579 1503 Brit.
590 1466 608 1504 1.
619 1467 717 1518 implesse.

124 1513 170 1558 254.
197 1516 332 1570 Impendent]
349 1517 415 1569 Lugd.
427 1518 446 1556 1.
456 1516 517 1555 Vind.
533 1517 596 1555 Poor.
606 1517 654 1557 ssrit.
666 1519 683 1557 1.
695 1518 714 1558 3.
730 1515 791 1556 Cant.

73 1569 127 1611 Brix.
137 1571 187 1608 Ver.
197 1570 249 1608 Veu.
258 1571 393 1621 impendant,
404 1568 449 1609 Ald.
462 1569 479 1609 1.
492 1571 542 1606 Bon.
553 1572 681 1621 impendunt.

125 1622 171 1660 257.
199 1620 320 1670 demissum]
332 1621 361 1657 ita
368 1620 428 1668 Wak.
440 1632 488 1657 cum
500 1619 544 1658 Ald.
557 1622 576 1659 1.
585 1623 605 1660 2,
615 1623 665 1658 Bon.
676 1622 743 1666 Iunt.;
758 1630 792 1657 ce-

73 1671 115 1710 teri
132 1671 182 1709 libri
197 1675 313 1722 dimissum,
333 1679 357 1709 ut
367 1672 430 1723 vulgo
443 1672 517 1712 editur.
529 1692 557 1700 ·-
565 1672 655 1725 flumen]
670 1672 700 1711 sio
711 1685 722 1711 e
732 1671 792 1710 libris

74 1730 125 1763 vett.
136 1736 179 1761 non
191 1723 230 1761 nisi
239 1726 293 1763 lunt.
303 1730 324 1761 et
334 1724 379 1761 Ald.
390 1726 422 1770 23
435 1723 511 1774 reliqui
522 1735 593 1762 omues
602 1726 689 1773 fulmen.

126 1776 172 1815 258.
199 1786 219 1815 et
226 1774 300 1824 fertur
310 1775 374 1813 lectio
390 1782 421 1813 est
430 1778 524 1813 omnium
539 1775 586 1814 fere
597 1776 713 1822 librorum,
728 1788 792 1828 quam

74 1826 136 1867 Wak.
146 1828 192 1865 iure
201 1827 294 1873 retinuit,
301 1827 331 1864 sic
340 1827 476 1877 explicatam:
488 1827 586 1875 „nimbus
595 1828 667 1878 piceus
675 1828 697 1865 in
707 1840 793 1866 omnem

75 1885 157 1930 partem
168 1878 238 1917 fertur
248 1885 269 1917 et
277 1879 403 1931 dispergitur
413 1895 457 1919 cnm
466 1878 579 1919 tenebris.“
599 1882 655 1918 Unus
669 1878 717 1920 Brit.
728 1881 746 1919 1.
758 1895 793 1919 ae·

76 1934 154 1981 theriis,
166 1943 177 1968 e
187 1931 302 1969 temeraria
312 1931 450 1972 correctione.
463 1933 513 1970 Hav.
523 1930 604 1982 recepit
610 1931 676 1970 Vossii
686 1931 793 1970 coniectu-

75 1995 122 2020 ram
133 1995 153 2020 ει
159 1983 240 2035 fertus,
254 1983 311 2034 quod
322 1996 361 2032 pro
372 1984 461 2034 refertus
476 1982 521 2020 vult
531 1984 634 2033 positum,
648 1996 702 2034 quae
719 1990 793 2022 tamen

77 2035 165 2072 mutatio
177 2034 239 2072 simul
250 2034 313 2073 aliam
324 2034 464 2073 necessariam
472 2033 575 2084 reddidit,
589 2036 703 2073 verborum
715 2047 736 2074 et
746 2048 793 2075 tra-

77 2089 108 2125 lzir
117 2087 138 2123 in
149 2089 244 2126 aetra-itit.
272 2086 377 2134 Graviter,
389 2086 426 2125 sed
436 2099 480 2124 non
490 2084 568 2125 iniuste
577 2087 637 2127 Wat.
648 2094 721 2126 contra
731 2087 792 2137 dicit3

79 2138 116 2189 qui
124 2144 232 2188 praeterea
244 2151 291 2176 cum
302 2138 352 2176 loco
361 2144 433 2176 nostro
445 2144 555 2188 comparat
565 2139 622 2191 Virg.
633 2140 684 2180 Geo.
694 2143 710 2188 Ι,
721 2140 760 2181 322
768 2152 792 2178 ss.

130 2192 178 2229 260.
201 2193 275 2242 ‚,ipse‚
293 2193 371 2229 nimbus
385 2190 478 2238 scilicet,
494 2190 575 2240 pariter
585 2190 668 2242 ignibus
684 2205 710 2230 ac
725 2192 793 2230 ventis

78 2241 187 2292 gravidus,
201 2249 265 2292 atque
280 2249 392 2291 tempestas
404 2241 528 2279 fulminibus
543 2249 564 2279 et
577 2242 699 2293 procelfisf‘
720 2248 752 2283 W
753 2241 792 2283 ak.

80 2294 179 2332 Ceterum
189 2293 233 2332 aid.
244 2295 262 2335 t.
274 2299 295 2331 et
305 2296 355 2332 lton.
365 2295 455 2347 repletur
466 2306 505 2344 pro
516 2295 616 2347 repletus,
628 2295 700 2335 male.
771 2337 773 2339 ,

130 2345 176 2385 262.
202 2347 287 2396 supera]
301 2347 330 2384 sic
341 2347 392 2383 Brix.
403 2346 470 2386 Aldl.
481 2345 532 2383 Bon.
544 2351 571 2395 et,
584 2345 603 2384 si
610 2348 660 2387 Hav.
670 2358 719 2386 vere
728 2352 792 2397 tacet,

78 2396 290 2447 L11gd.t.t.ss·0u1.‚
309 2410 349 2435 nec
364 2397 463 2435 differunt
473 2398 520 2436 Ver.
530 2398 594 2446 ten..
612 2413 673 2450 super
686 2402 792 2447 onosma,

79 2456 101 2489 et
111 2451 183 2499 Cant,
198 2463 258 2502 super
269 2461 373 2490 anostrum
385 2449 521 2501 praebentes3
539 2461 605 2502 quare
615 2449 675 2492 Wak.
686 2450 793 2504 vulgatam
