1690 2654
210 124 251 166 Au
268 121 404 164 LIBRUM
420 119 597 174 QUARTUM.
633 167 635 169 ,
717 114 765 160 339

102 233 146 274 156·
173 235 265 286 quamuis
282 233 363 280 subito]
387 230 437 269 Brit.
454 232 473 271 Ξ.
495 230 562 269 subito
578 230 683 282 quemuis,
708 224 765 278 quod

48 284 108 326 Wek.
121 285 280 336 magisplacet3
294 296 329 321 me
340 297 382 321 non
392 283 522 320 assentiente.
689 307 691 310 .

101 339 144 377 161.
159 339 210 376 celer
219 336 259 386 ilis]
269 337 319 374 Vffl'l.
327 335 371 373 Ald.
380 337 397 373 1.
408 336 457 372 Bon.
466 334 547 371 81111111.
555 335 630 376 celeris,
641 330 690 382 quia
697 329 765 368 edito.

47 401 81 426 res
91 401 133 425 non
143 389 268 439 cogitarunt,
277 386 448 423 terminationem
459 383 610 422 adiectivorum
619 385 639 423 3.
648 382 700 421 decl.
713 383 735 419 in
742 398 764 420 er

14 448 16 452 ⁴
48 440 104 489 apud
121 439 246 488 antiquiores
260 435 326 474 ‘fuisse
342 437 423 488 generis
441 434 569 482 eommunis,
584 448 624 485 qna
637 434 662 472 de
672 446 695 471 re
707 433 763 472 conf.

47 491 146 529 Priscian.
157 492 182 534 V,
194 491 213 529 3.
228 491 260 540 (p.
274 487 332 537 647.)
348 495 369 526 et
379 489 425 534 VII,
437 490 467 526 11.
484 490 516 536 (p.
529 488 574 525 760.
587 488 621 536 P.)
636 493 698 537 atque
707 484 764 524 Rud-

48 543 98 580 dim.
110 543 160 579 Inst.
171 542 205 581 Gr.
219 543 236 581 l.
248 553 267 589 p.
279 540 325 580 165.
337 546 381 577 not.
393 541 437 588 93„
452 538 516 575 nostri
528 538 569 583 loci
580 551 622 576 non
632 538 750 575 immemor.

100 593 145 632 167.
172 607 309 645 quoquumque
324 591 380 628 vaiet
391 594 412 629 in
423 605 560 642 quamcunque
570 601 656 642 partem.
669 611 695 618 -
709 588 763 638 oris]

48 645 81 696 „i.
94 656 111 682 e.
122 644 254 681 lineamentis
265 656 378 692 corporum
391 648 411 679 et
420 641 504 693 figuris3
519 641 575 679 conf.
587 642 679 681 v2138J‘
692 643 764 679 Walt.

47 700 108 735 Poor.
120 695 168 733 Brit.
181 698 200 734 1.
209 698 228 735 2.
237 697 257 735 5.
269 696 326 732 Cant.
337 700 439 732 etom‘nes
451 692 508 732 editt.
519 699 569 730 vett.
581 696 640 740 illud,
656 692 707 730 Cod.
718 692 764 730 Vat.

47 746 144 786 Lambini
160 749 216 791 illue,
229 747 251 783 in
265 746 331 796 Lugd.
344 747 362 784 1.
377 758 416 783 vox
427 756 511 795 prorsus
524 745 586 781 deest.
612 746 686 783 Lamb.
699 755 765 781 excu-

49 799 140 839 dendum
156 794 237 835 curavit
251 801 374 850 quiscunque
384 798 425 835 obu-
437 800 486 843 oris,
502 802 522 832 61
533 802 642 845 praeterea
652 797 703 834 duas
713 808 764 833 con-

47 852 139 888 iecturas
149 849 267 898 proposuit:
281 849 455 901 quoicunqueobu.
464 862 518 896 orae,
527 848 562 884 vel
572 863 709 901 quamcunque
719 849 762 886 otu.

48 917 116 945 uranu·
130 901 237 939 Turnebus
248 899 311 938 Advv.
321 901 376 946 XIII,
387 901 419 937 20.
439 898 492 936 coni.
508 901 633 951 quoicuuque
646 902 690 938 otu.
703 901 764 944 aeris,

47 953 60 992 i.
73 965 90 990 e.
108 952 224 1001 cuicunque
234 950 312 1001 speculi
322 950 376 1000 parti
386 950 524 997 obvertimus,
540 962 605 998 quum
618 955 710 996 constet,
727 962 764 986 an-

45 1004 156 1053 tiquorum
166 1003 250 1052 specula
261 1014 322 1039 aerea
331 1001 406 1049 fuisse3
422 1002 516 1040 Gronov.
526 1002 582 1044 Obss.
589 1002 628 1048 III,
637 1003 668 1041 19.
680 999 764 1039 veritati

46 1054 142 1105 proxime
156 1054 211 1093 coni.
228 1068 347 1105 quacunque
361 1051 418 1097 (scil.
432 1052 503 1100 parte)
519 1053 562 1102 phu.
572 1055 613 1091 oris
627 1053 654 1102 (i.
665 1066 682 1092 e.
693 1057 764 1089 extre-

47 1106 179 1153 mitatibus);
193 1116 309 1153 anonymus
320 1103 375 1153 apud
387 1103 471 1139 creeeh.
480 1118 607 1155 quoeunque
621 1106 675 1150 obet,
689 1106 764 1142 omneis

46 1163 90 1196 Res
100 1163 140 1193 etc.
159 1158 208 1194 an.
220 1154 319 1203 eandem,
334 1166 397 1204 quam
409 1166 447 1190 nos
460 1166 508 1190 cum
516 1154 588 1200 u·ak.;
601 1155 681 1205 recepit
690 1154 765 1192 lectio-

20 1205 24 1208 ’
46 1221 107 1255 rtem,
122 1206 158 1242 sed
173 1206 241 1243 minus
254 1205 308 1242 bene
325 1205 432 1255 coniungit
448 1207 533 1244 oris'res
548 1207 584 1252 (ut
598 1210 683 1245 Veneris
693 1222 726 1244 res
737 1208 763 1254 Il,

47 1257 149 1298 1791437.
164 1259 188 1304 V,
200 1254 258 1304 846.)
272 1256 286 1296 i.
300 1268 318 1296 e.
332 1268 404 1307 „quae
418 1256 445 1294 ad
462 1256 554 1306 speciem
569 1263 590 1295 et
605 1257 764 1295 similitudinem
820 1266 822 1268 ·

61 1308 174 1348 ertinent.“
374 1315 376 1317 ’
623 1332 629 1339 .
713 1343 715 1345 .

45 1324 59 1363 P
98 1362 142 1400 168.
175 1361 211 1406 bi]
225 1359 290 1410 Lugd.
301 1361 320 1400 2.
336 1360 395 1399 Cant.
409 1366 430 1397 et
441 1360 552 1407 Vensibi,
566 1356 625 1398 Poo‘r.
643 1362 693 1409 tibi,
706 1359 763 1409 quod

45 1419 159 1461 utrumque
170 1411 221 1448 ferri
233 1418 307 1461 posset.
326 1411 366 1448 Sed
377 1411 517 1460 plurimorum
528 1418 548 1449 et
559 1412 689 1462 optimorum
699 1406 762 1451 Godd.
803 1417 806 1425 ‘

46 1464 101 1502 ratio
112 1463 214 1502 habenda.
234 1462 306 1510 (Conf.
317 1475 379 1511 supra
391 1463 445 1500 adv.
456 1464 502 1510 76.)
619 1509 620 1513 Ἰ
702 1471 704 1474 “

42 1515 44 1518 ⁴
98 1515 142 1553 171.
161 1515 290 1562 Acherunta]
305 1518 362 1552 Cant.
374 1521 394 1551 et
405 1527 476 1552 omnes
485 1514 542 1551 editt.
553 1521 604 1552 vett.
615 1521 699 1565 praeter
708 1516 762 1553 lunt.

48 1571 69 1603 et
80 1565 152 1604 atde.
163 1568 284 1604 Acherunte.
298 1587 324 1594 —
336 1569 411 1611 rearis]
425 1568 478 1603 Iunt.
489 1572 509 1602 et
521 1565 564 1602 Ald.
572 1567 591 1604 2.
601 1582 688 1615 reamur,
701 1565 762 1603 Vind.

46 1617 106 1654 Poor.
118 1616 166 1657 Brit.
178 1619 196 1655 1.
206 1619 225 1656 2.
234 1618 253 1656 3.
268 1617 326 1654 Cant.
338 1617 390 1654 Brix.
400 1619 450 1654 Ven.
462 1616 507 1656 Ald.
516 1619 533 1655 1.
547 1619 596 1655 Bon.
607 1629 693 1661 retecto,
709 1616 763 1653 mira

45 1667 158 1715 varietate,
172 1681 225 1718 quae
241 1680 284 1705 non
299 1667 429 1705 mediocrem
445 1680 531 1718 praese
547 1668 590 1705 fert
606 1668 700 1706 veritatis
717 1680 764 1717 spe-

46 1718 113 1766 ciem,
132 1726 157 1756 ut
171 1732 246 1768 parum
262 1719 326 1766 absit,
347 1718 397 1771 quin
411 1719 451 1764 hic,
459 1731 543 1757 versum
559 1719 650 1771 aliquem
664 1719 763 1757 excidisse

44 1770 181 1820 suspicemur.
433 1774 435 1782 ’

97 1825 141 1860 Vss.
152 1821 196 1861 175.
208 1827 229 1858 61
238 1821 282 1860 176.
309 1820 352 1858 iam
365 1821 478 1859 adfuerunt
488 1834 550 1871 supra
558 1835 577 1859 v.
591 1823 634 1861 128.
647 1828 668 1859 et
677 1823 727 1861 129.

96 1874 140 1912 179.
167 1876 234 1925 spatio
251 1871 285 1922 ut]
306 1872 335 1910 sic
350 1873 410 1912 Wak.
429 1886 477 1910 cum
492 1873 588 1910 omnihus
605 1873 662 1910 libris
679 1877 762 1923 praeter

45 1921 117 1971 Vind,
130 1924 148 1961 si
156 1920 254 1961 'collator
265 1936 308 1959 non
323 1924 465 1975 negligentem
480 1937 501 1961 se
518 1924 624 1973 praebuit,
639 1937 687 1962 cum
705 1923 761 1974 vulg.

46 1973 104 2012 editt.
116 1986 139 2012 ut
151 1974 367 2026 spatioexhilientem.
380 1995 406 2003 -
419 1975 480 2023 bore]
495 1977 554 2012 Poor.
565 1977 622 2012 Cant.
638 1977 693 2024 (non
703 1977 762 2023 Bon„

47 2037 110 2073 quam
122 2026 183 2063 Wak.
197 2027 271 2075 affert)
292 2042 334 2073 ore.
355 2048 380 2054 —-
400 2038 478 2065 terutur
499 2025 589 2063 editores
607 2033 734 2077 receperunt
751 2038 762 2062 6

32 2076 99 2114 Iunt.
116 2082 136 2112 et
149 2077 193 2117 Ald.
204 2079 236 2123 23
251 2077 315 2115 ceteri
330 2077 378 2114 libri
393 2090 464 2114 omnes
473 2075 570 2125 feratur‚
582 2084 606 2115 ut
617 2079 680 2130 vulgo
693 2077 762 2115 editur

46 2126 108 2174 (nam
116 2126 220 2175 feruntur⁴
231 2129 286 2179 apud
299 2129 359 2169 Wak.
376 2141 435 2166 error
451 2134 532 2165 tentum
548 2136 583 2165 aut
593 2129 656 2179 ipsius
668 2129 761 2178 editoris,

45 2183 86 2230 aut
95 2179 214 2226 typothetae
230 2180 333 2228 videtur.)
348 2181 408 2231 Wak.
417 2174 514 2229 *denique
529 2186 601 2228 utpote
618 2181 762 2219 coniecturam

45 2238 104 2284 suam
117 2231 226 2278 proposuit
239 2245 291 2270 auru
299 2231 396 2282 feratur,
411 2231 468 2282 quod
483 2230 526 2268 iam
540 2232 587 2268 Pius
602 2232 624 2269 in
634 2238 684 2274 vett.
695 2231 760 2270 Codd.
824 2230 833 2232 ”

44 2285 158 2316 rnvenerat.
434 2301 435 2307 .

98 2330 142 2367 180.
169 2346 226 2382 quem
239 2337 344 2385 quaeque]
364 2333 394 2371 sic
407 2333 480 2381 ufar„
494 2333 590 2382 plurimis
605 2334 664 2372 libris
680 2334 760 2372 obtem-

44 2389 130 2426 perans;
147 2381 205 2421 Vind.
216 2387 276 2435 Poor.
288 2385 336 2424 Brit.
344 2387 363 2424 2.
374 2387 425 2423 Ven.
433 2385 481 2422 Ald.
489 2387 507 2423 1.
518 2388 567 2423 Bon.
580 2400 724 2438 qmmcunqup,
737 2390 761 2420 nt
793 2407 794 2411 =

45 2428 115 2479 vulgo.
128 2451 155 2457 —
168 2435 233 2471 tendit
249 2446 321 2472 omnes
336 2437 381 2474 fere
395 2436 444 2473 libri
462 2437 570 2485 exhibent,
586 2450 636 2487 quos
652 2435 712 2475 Wak.
729 2447 760 2471 se·
800 2448 802 2451 ·

45 2486 122 2531 quutus
132 2483 321 2530 est‚·‘utn1·mirnm
332 2488 455 2527 Lucretium
464 2487 521 2527 aliud
533 2488 639 2540 quoddam
650 2478 760 2526 substdnti-

540 2545 603 2584 Fre
