1690 2654
66 75 115 122 508
284 76 565 139 tunorrrrours

119 189 164 228 610,
191 187 308 236 Naturam]
328 187 389 225 vind.
400 189 464 226 Poor.
474 188 526 227 Brit.
538 189 556 228 1.
567 189 586 227 3.
600 188 657 226 Gant.
669 186 723 225 Brix.
736 187 784 224 Ver.

67 240 117 277 l'en.
132 242 214 278 Natura
219 255 225 283 ;
246 252 309 290 quam
320 239 379 278 Wak.
392 252 464 278 veram
475 240 539 278 hahet
553 240 678 287 lectionem,
692 246 715 276 ut
725 238 785 276 locus

67 292 97 328 sic
113 291 276 342 interpungatur
292 298 313 328 et
330 292 456 340 explicetur:
473 314 498 320 -
513 314 538 319 -
555 307 596 330 non
611 294 695 330 reddere
711 294 784 339 ninius,

67 343 151 383 Naturd
163 359 202 395 quo
214 347 242 380 sit
253 349 292 379 etc.
307 343 341 389 „i.
353 357 371 380 e.
385 342 497 393 Principio,
511 343 605 380 homines
618 344 729 389 mirantur,
742 342 785 378 flu-

67 395 125 432 mina
135 408 177 432 non
187 394 277 432 reddere
288 395 355 432 maius
370 407 440 443 mare,
459 408 500 446 quo
513 394 598 433 veniant
611 394 681 432 omnia
693 392 786 431 exomni

66 453 138 497 parte,
159 460 200 496 quo
211 453 281 483 tantus
294 447 392 496 decursus
407 447 531 484 naturaliter
543 447 569 483 sit
580 447 704 497 aquarum.“
718 467 744 473 —
757 448 786 483 sit

67 510 138 537 tantus
152 498 213 536 Wak.
230 511 254 535 ex
268 499 364 535 omnibus
386 498 445 535 libris
458 499 550 536 restituit
564 511 602 548 pro
617 497 698 549 vulgari
714 508 786 535 tantus

63 551 126 602 fuat,
141 550 198 598 quod
211 562 221 587 e
233 550 329 587 Lambini
342 550 426 601 ingenio
437 550 504 590 fluxit.

120 604 165 642 611.
193 602 242 654 quo]
262 602 323 639 Wak.
335 603 389 639 coni.
401 619 471 654 quom,
490 608 514 639 ut
525 602 652 639 constructio
671 601 708 639 sit:
728 601 786 650 „ui-

67 660 142 691 rantur
151 654 246 701 flumim,
261 666 326 702 quom
334 654 425 700 veniant,
437 666 481 689 non
491 653 579 689 reddere
591 653 656 689 maius
667 666 785 705 maresque

67 712 138 743 tantus
149 705 246 743 decursus
257 707 293 749 sit3
301 706 314 725 “
329 718 370 755 quo
383 711 404 741 et
414 704 458 754 ipso
472 717 515 741 non
525 716 576 754 opus
588 716 632 741 esse
644 711 706 753 patet.

120 758 166 797 613.
194 758 237 803 „ln
257 755 320 793 dubio
337 763 368 793 est
390 762 508 793 structura:
536 762 608 793 utrum
625 756 689 794 vellet
703 763 785 796 noster:

68 810 125 854 Quae
137 808 207 845 omnia
219 808 310 855 (imbres
321 807 393 858 utique
406 814 427 845 et
435 807 583 857 tempestates)
595 814 696 859 spargunt
708 809 785 856 maria3

68 873 185 897 aurursus:
206 862 263 905 Quae
275 866 377 910 spargunt
387 860 457 897 omnia
467 859 556 897 maria.“
575 862 645 898 Wulc.
672 861 748 908 Nobis,
761 866 786 897 ut

67 911 199 949 Wakefieldo
210 918 229 948 et
240 911 344 960 prioribus
354 911 509 961 interpretibus,
518 911 570 947 haec
581 911 634 948 ratio
643 911 786 961 praeferenda

68 964 158 1011 videtur,
173 975 226 1013 quae
237 963 299 1000 simul
307 963 375 1000 versui
387 962 519 1001 antecedenti
530 974 613 999 comma
624 969 707 1000 tantum
720 962 786 1014 (quod

67 1015 91 1053 in
103 1015 192 1052 editione
207 1021 279 1059 nostra
293 1027 365 1052 errore
376 1021 458 1066 typogr.
473 1014 572 1053 omissum
590 1016 647 1063 est),
665 1028 707 1052 non
724 1015 786 1052 colon

68 1067 102 1104 vel
113 1067 239 1117 semicolon,
254 1067 311 1118 quod
321 1067 343 1104 in
355 1068 451 1105 omuibus
467 1067 524 1105 editt.
539 1066 679 1117 conspicitur,
700 1066 785 1118 adpingi

70 1119 150 1156 suadet.
305 1127 323 1142 ‘-
434 1153 437 1159 ,
687 1120 690 1125 ’

121 1170 166 1210 617.
194 1184 289 1222 maguam
305 1169 347 1220 sol]
368 1168 447 1216 „Vind
463 1168 513 1209 Brit.
524 1171 544 1208 3.
556 1170 616 1219 Cant.
641 1168 719 1218 [urim]
738 1170 785 1208 Ver.

70 1222 132 1268 [Ven.
144 1220 189 1258 Aldt
201 1224 231 1268 1.]
246 1224 296 1258 Bon.
309 1223 340 1260 sol
350 1236 457 1273 magnum;
476 1227 497 1257 et
508 1233 581 1258 vereor
593 1221 697 1272 equidem,
715 1233 741 1258 ne
752 1233 786 1258 re-

70 1279 141 1323 ceptus
159 1272 210 1309 ordo
227 1272 339 1310 verborum
355 1273 404 1324 [qui
418 1279 489 1309 tamen
504 1271 525 1308 in
544 1274 597 1311 lunt.
612 1279 633 1309 et
649 1271 693 1311 Ald.
708 1274 728 1312 Ξ.
742 1273 786 1311 iam

69 1328 192 1375 comparet]
206 1323 232 1361 sit
241 1324 352 1362 arbitraria
363 1324 466 1361 editorum
477 1323 596 1374 collocatio,
611 1324 677 1362 Godd.
688 1337 786 1375 spernen-

69 1377 121 1415 tium
135 1377 224 1426 optimcs
237 1383 257 1413 et
270 1376 448 1428 antiquissimos“
466 1379 498 1414 W
500 1379 537 1414 at.

121 1430 166 1468 690.
192 1431 236 1474 At]
254 1428 303 1466 Brit.
314 1431 332 1468 l.
344 1429 393 1468 Ver,
403 1429 454 1465 Ven.
471 1430 510 1466 Ad.
525 1449 550 1455 -
561 1428 648 1479 pelage]
669 1427 785 1468 Bodlssrit.

69 1481 89 1519 l.
102 1481 120 1519 3.
133 1479 186 1517 Bria.
197 1481 244 1518 Ver.
257 1483 309 1517 Ven.
320 1479 364 1516 Ald.
375 1482 393 1519 1.
405 1482 454 1517 Bon.
462 1481 543 1531 pelugi,
564 1479 625 1515 Poor.
638 1482 695 1517 Cant.
703 1482 785 1532 pelago,

69 1531 114 1568 Ald.
125 1533 144 1569 ⁶2.
155 1533 249 1584 pelagus.
262 1532 292 1568 De
303 1543 379 1582 graeca
388 1531 457 1568 forma
467 1532 549 1582 pelage,
563 1529 575 1566 i.
586 1541 602 1566 e.
611 1530 696 1580 πελάγη,
712 1531 786 1581 (quam

41 1628 42 1631 Ἴ
69 1583 104 1620 hic
114 1585 215 1631 praebent
225 1583 254 1619 Pii
265 1584 402 1633 exemplaria,
416 1584 483 1633 Lugd.
493 1584 511 1620 1.
522 1585 542 1623 2,
553 1587 573 1618 et
585 1582 649 1630 lunt)
661 1583 746 1632 aliisque
758 1583 786 1620 si-

69 1634 162 1671 milibus
170 1635 209 1672 vid.
221 1634 316 1672 Ruddim.
327 1638 376 1672 lust.
392 1635 427 1671 Gr.
437 1635 453 1671 I.
468 1648 487 1684 p.
501 1632 544 1673 149.
558 1638 603 1670 not.
612 1634 643 1672 50.
659 1640 679 1670 et
689 1634 785 1672 Schneid.

71 1687 107 1723 Gr.
120 1689 164 1723 Lat.
175 1688 199 1722 ll.
215 1699 233 1735 p.
244 1687 289 1732 doe.
316 1685 392 1734 (Conf.
411 1684 475 1723 etiarn
489 1684 516 1722 ad
529 1686 552 1729 V,
567 1685 613 1732 37.)
626 1706 652 1713 -
665 1687 784 1733 substrata]

70 1737 101 1774 Pii
117 1737 182 1776 Codd.
199 1738 259 1776 Poor.
271 1739 331 1777 Cant.
349 1740 463 1785 subtracta,
481 1737 533 1773 Bru.
544 1737 563 1775 3.
574 1738 695 1776 substracta.
722 1737 786 1786 (dide

70 1787 135 1826 modo
146 1789 172 1825 ad
182 1802 200 1825 v.
213 1789 270 1834 605.)

122 1842 166 1879 623.
194 1840 304 1892 Largiter]
317 1839 362 1878 Ald.
374 1841 392 1880 1-
403 1843 452 1879 Bon.
462 1842 564 1892 Largius,
578 1838 677 1889 idemque
688 1840 742 1879 velle
752 1840 786 1879 vl·-

70 1890 146 1928 dentur
157 1891 213 1929 Bodl.
227 1892 278 1929 brix.
290 1893 337 1932 Ver.
349 1893 412 1941 ven„
430 1895 529 1945 Largitus
545 1891 675 1941 praebentes.
688 1914 714 1920 —
726 1894 786 1946 artfe-

70 1943 116 1993 ret]
132 1943 187 1982 Brix.
197 1945 293 1996 afferret,
308 1944 357 1980 Brit.
367 1945 386 1983 3.
402 1943 477 1994 aufert,
492 1946 549 1980 Cant.
562 1944 651 1995 auferat.

123 1995 167 2034 624.
194 2012 270 2048 quoque
285 1996 392 2046 magnum]
413 1997 442 2032 sic
458 1995 519 2033 Wak.
538 2008 586 2030 curn
609 1995 705 2032 omnibus
726 1995 786 2033 libris

70 2053 154 2097 praeter
165 2050 217 2085 lunt.
229 2054 250 2084 et
260 2047 305 2085 ΑΙᾶ.
316 2050 345 2095 2.,
365 2060 417 2098 quae
428 2047 485 2085 solae
496 2046 603 2097 vulgatam
615 2046 729 2090 lectionem
739 2063 787 2087 ma-

71 2114 133 2151 gnam
144 2114 221 2152 quoque
234 2105 325 2137 tuentur.

124 2153 167 2189 625.
195 2152 305 2200 trerrentes]
327 2150 382 2187 Brix.
400 2151 448 2188 Ver.
466 2152 517 2186 Ven.
533 2162 641 2189 uertentes.
661 2172 685 2178 —
704 2152 785 2202 ventei]

71 2201 131 2239 Poor.
140 2202 191 2242 Brit.
202 2204 221 2242 3.
234 2203 279 2241 Ald.
294 2206 311 2244 1.
323 2204 342 2241 2.
353 2205 401 2239 Bon.
415 2203 469 2239 Iunt.
481 2206 545 2254 ponti.

124 2254 168 2293 696.
194 2255 301 2306 quoniam]
318 2254 373 2292 Brix.
384 2255 432 2293 Ver.
444 2255 493 2290 Ven.
505 2252 554 2303 cumj
569 2253 669 2294 Brittss.
681 2257 786 2307 quomodo.

124 2307 168 2344 627.
195 2307 266 2357 docui]
280 2307 331 2345 Vide
342 2318 404 2356 supra
416 2319 434 2342 v.
445 2304 484 2345 495
494 2317 518 2341 SS-

124 2359 168 2396 630.
197 2359 254 2407 orbe]
268 2358 298 2395 sic
310 2361 369 2396 Cant.
380 2358 422 2394 Ald.
430 2360 447 2396 l.
459 2360 523 2402 Bon,
538 2369 588 2406 quas
600 2369 648 2393 curn
658 2357 713 2408 vulg.
726 2357 785 2396 editt.

72 2415 171 2458 sequutus
181 2421 242 2456 sum3
262 2410 326 2447 ceteri
337 2410 386 2446 libri
394 2412 457 2452 orbis,
473 2420 536 2458 quare
548 2407 618 2456 Wak„
633 2409 703 2446 nescio
715 2423 742 2446 an
753 2422 786 2447 re-

73 2462 137 2511 ctius,
152 2461 217 2500 edidit
227 2462 280 2510 orti,
295 2462 352 2513 quod
362 2462 405 2501 iarn
415 2461 438 2499 in
447 2463 501 2501 lunt.
513 2465 533 2498 et
544 2459 589 2498 lut
597 2461 616 2500 2.
625 2460 724 2512 inveniri,
737 2474 786 2501 eum

316 2538 324 2560 Ι
