1690 2654
311 59 419 103 LIBER
439 59 477 102 VI.
565 89 566 92 =
709 58 757 106 165
819 59 821 63 ’

106 166 194 220 Corpora
207 168 298 210 continuo
310 167 332 208 in
343 181 430 210 vacuum
441 169 509 210 vicina
521 169 618 210 feruntur.
675 203 676 206 ,

65 256 67 260 .
105 221 184 272 Quippe
191 222 296 273 sanentur
309 221 362 262 euim
374 223 439 274 plagis
452 222 538 270 aliunde,
549 236 585 262 nec
597 223 642 273 ipsa
778 259 780 262 ,

105 273 181 324 Sponte
193 286 229 312 erra
240 276 319 317 sursum
330 278 410 324 possunt
423 286 542 324 consurgere
552 275 575 313 in
587 286 653 321 auras.
703 271 758 314 1020

27 320 29 322 ’
61 337 64 341 ·
130 326 177 364 Huc
189 325 266 364 aceedit
277 324 333 373 item,
345 338 408 376 quare
419 329 479 376 queat
490 325 512 364 id
523 326 589 377 magis
601 337 656 367 esses

105 377 163 425 Quod
175 375 236 416 simul
248 389 261 416 a
271 377 339 416 fronte
351 381 380 416 est
392 377 466 417 annelli
477 376 542 416 rarior
554 379 589 415 ee'r

105 428 184 476 Factus,
196 427 320 478 inanitusque
331 428 387 466 locus
398 428 465 479 magis
477 440 501 466 ae
512 432 619 475 vacuatus3

105 480 202 520 Continuo
214 480 243 528 fit,
255 479 292 528 nti,
305 478 340 529 qui
351 484 396 530 post
408 485 437 520 est
449 492 547 530 quomque
557 481 635 528 locatus

70 550 72 557 ¹
104 532 151 581 nar,
164 545 177 571 a
189 534 247 582 tergo
260 532 316 581 quasi
327 533 425 581 provebat
437 536 495 582 atque
507 532 611 582 propellat.
703 530 763 572 1025-

104 583 189 635 Semper
201 582 255 621 enim
267 582 342 622 circum
354 584 432 633 positus
442 596 474 622 res
486 584 580 623 verberat
591 584 633 629 adr.
719 588 723 594 '

105 635 146 676 Sed
158 634 197 675 tali
207 636 231 673 fit
242 636 272 675 uti
284 636 383 686 propellat
395 639 484 686 tempore
496 637 580 687 ferrum,

104 687 165 727 Parte
178 687 230 736 quod
242 699 266 726 ex
278 699 319 726 una
331 687 417 737 epatium
429 691 496 735 vacat,
509 691 530 727 et
541 687 595 737 capit
606 686 628 726 in
640 698 669 727 sc.

104 739 144 779 Hic
157 738 201 787 tibi,
214 751 273 789 quem
285 751 381 786 memoro,
394 752 431 790 per
443 740 513 778 crebra
526 738 626 779 foramina
637 737 699 779 ferri*

103 791 179 831 Parcas
190 789 216 829 ad
228 791 301 841 parteis
313 791 414 831 subtiliter
425 791 543 840 insinuatus,
704 788 757 831 103⁰

104 842 178 882 Trudit
190 847 210 881 et
221 842 315 893 impellit:
329 843 386 892 quasi
397 855 458 882 naves
466 843 553 893 velaque
565 842 636 891 ventis,
689 893 691 896 ι

103 894 160 935 Haec
172 907 250 945 quoquc
262 908 293 933 res
306 889 419 934 adiumento
431 898 526 945 motuque
537 893 624 934 iuvatur.

108 993 110 996 f
124 946 218 996 Denique
230 959 263 985 res
275 959 342 986 omnes
355 946 426 985 debent
437 946 458 984 in
471 958 553 997 corpore
566 946 642 985 habere

103 997 162 1041 Aera.
176 998 333 1047 quandoquidem
345 1002 392 1037 raro
403 1001 448 1037 suut
461 1011 548 1049 corpore,
562 1002 582 1037 et
594 1000 630 1038 adr
697 1000 699 1003 ”

104 1049 200 1091 Omnibus
208 1053 243 1104 est
254 1051 313 1088 rebus
327 1049 459 1094 circumdatus
471 1050 617 1100 appositusque.
703 1046 757 1094 1035

103 1103 143 1143 Hic
155 1101 224 1150 igitur,
238 1102 315 1150 penitus
323 1101 361 1151 'qui
374 1101 395 1140 in
407 1102 461 1140 ferro
474 1106 503 1141 est
515 1102 600 1151 abditus,
612 1102 648 1143 adr
814 1105 818 1110 “

104 1152 195 1193 Sollicito
207 1156 263 1191 motu
276 1166 353 1203 semper
364 1153 456 1200 iactatur,
468 1166 531 1204 eoque

103 1205 200 1244 Verberat
212 1206 311 1244 annellum
324 1205 385 1243 dubio
398 1206 481 1255 procnl;
495 1209 514 1244 et
527 1205 565 1244 ciet
577 1205 630 1245 intus
672 1245 675 1248 ,

105 1256 197 1303 Scilicet3
211 1259 270 1306 atque
282 1257 351 1296 eodem
362 1257 431 1304 fertur,
443 1270 482 1306 quo
494 1257 633 1308 praecipitavit

102 1308 147 1349 lam
158 1308 225 1356 semel,
238 1312 258 1348 et
269 1320 354 1349 vacuam
366 1312 443 1358 partem
455 1308 476 1348 in
489 1309 592 1350 conamina
604 1310 680 1354 sumsit.
703 1310 757 1353 1010

129 1360 164 1401 Fit
176 1373 259 1412 quoqne,
272 1365 294 1401 ut
307 1374 320 1401 a
328 1361 397 1412 'lapide
409 1362 448 1400 hoc
461 1361 509 1400 ferri
520 1367 591 1401 natura
603 1363 683 1404 recedat

104 1414 211 1462 Interdum,
224 1414 294 1466 lugere
307 1417 366 1464 atque
378 1413 435 1463 sequi
447 1417 538 1453 consueta
553 1414 649 1466 vicissim

52 1493 55 1502 ἦ
129 1466 235 1505 Exsulture
247 1467 307 1505 etiem
319 1464 459 1504 Samothracia
471 1465 537 1505 ferrea
549 1465 597 1518 vidi,

102 1519 137 1558 Ac
146 1521 237 1558 ramenta
249 1517 307 1558 simul
319 1518 369 1565 ferri
381 1518 448 1558 furere
459 1517 512 1558 intas
525 1518 594 1559 ahenis

103 1570 127 1611 ln
140 1570 232 1622 scaphiis,
244 1571 295 1622 lapis
307 1571 342 1609 hic
354 1571 438 1622 Magnes
451 1584 511 1621 quem
524 1572 684 1613 suburanenses:
701 1571 755 1613 1⁰45

102 1624 170 1673 Usque
181 1623 231 1661 adeo
242 1624 313 1676 fugere
325 1635 343 1662 a
350 1635 397 1661 saxo
410 1623 484 1674 gestire
495 1622 593 1675 viderur·

102 1677 153 1715 dere
165 1675 292 1725 interposit03
305 1675 405 1724 discordia
417 1679 471 1715 tenta
484 1678 573 1715 creatur:
593 1695 595 1698 ⁴

101 1727 210 1778 Propterea
222 1728 269 1777 quia
280 1727 375 1766 nimirum
386 1727 443 1777 prius
455 1731 519 1767 aestus
531 1727 567 1766 ubi
579 1726 631 1768 aeris

90 1778 212 1829 Praecepit,
224 1780 312 1829 ferrique
324 1780 369 1817 vias
381 1779 467 1828 possedit
479 1783 563 1829 apertus,

101 1831 203 1871 Posterior
212 1831 284 1880 lapidis
294 1830 348 1877 venit
357 1835 429 1883 aestus,
442 1834 462 1870 et
472 1831 538 1869 onmia
548 1831 606 1881 plena
701 1828 755 1872 1050

102 1883 179 1923 Invenit
190 1882 211 1921 in
220 1882 284 1931 ferr03
297 1887 360 1932 neque
369 1884 436 1929 habet,
447 1895 485 1933 qna
494 1887 565 1932 tranet,
572 1886 600 1922 ut
610 1883 661 1924 ante.

103 1935 186 1986 Cogitur
196 1934 293 1974 offensare
302 1935 364 1986 igitur
376 1936 495 1985 pulsareque
505 1935 568 1973 fluctu
643 1966 644 1969 ,

102 1987 176 2027 Ferrea
189 1990 243 2027 texta
257 2000 302 2027 suor
316 1999 355 2037 qno
368 1990 426 2037 pacto
439 1987 514 2036 respuit
527 1987 552 2025 ab
565 1998 593 2034 se,

102 2040 166 2088 Atque
176 2052 212 2089 per
222 2052 255 2079 aes
264 2039 335 2091 agitat,
347 2039 388 2077 sine
397 2052 420 2078 co
430 2039 482 2088 quod
491 2051 550 2089 saepe
558 2037 655 2078 resorbet.

128 2091 179 2130 lllud
191 2090 213 2129 in
222 2091 255 2130 his
263 2094 322 2131 rebus
332 2090 403 2135 mirari
413 2091 477 2138 mitte,
491 2092 543 2141 qnod
553 2094 618 2130 aestus
702 2088 755 2132 1⁰55

102 2142 146 2182 Non
154 2144 208 2182 valet
217 2156 229 2182 e
237 2144 302 2194 lapide
314 2143 353 2182 hoc
362 2142 416 2182 alias
424 2143 527 2192 impellere
538 2143 586 2182 item
594 2154 633 2181 res.

101 2195 191 2234 Pondere
201 2195 254 2235 enim
264 2198 326 2235 fretae
334 2195 407 2245 purtim
416 2199 479 2243 staut3
492 2196 544 2245 quod
555 2207 617 2246 genus
628 2206 711 2235 aurum:

76 2285 79 2290 s
101 2247 131 2286 Ao
139 2247 220 2299 partim,
232 2260 280 2288 raro
292 2248 339 2299 quia
351 2251 395 2286 sunt
406 2260 451 2286 cum
460 2260 548 2298 corpore,
561 2250 658 2289 utacstus

102 2297 196 2339 Pervolet
205 2300 296 2350 intactus,
306 2303 404 2351 nequeunt
410 2299 509 2350 impellier
517 2312 613 2351 usquam3
677 2339 680 2345 Ι

101 2348 178 2400 Lignea
189 2353 281 2393 materies
292 2352 313 2392 iu
322 2366 361 2403 qno
370 2365 442 2405 genere
453 2365 495 2392 esse
506 2352 590 2394 ridetur.
701 2347 753 2390 1060

100 2401 154 2440 Inter
165 2407 260 2454 utrasque
269 2406 333 2457 igitur
341 2405 390 2444 ferri
400 2409 471 2444 natura
483 2405 555 2455 locata,

36 2457 38 2460 '
101 2453 158 2494 deris
170 2455 205 2496 ubi
216 2457 292 2510 acecpit
300 2459 397 2509 quaedam
407 2458 536 2509 corpuscula;
550 2460 592 2498 tum
600 2454 629 2504 fit,
