1690 2654
48 117 98 163 284
217 111 343 156 runos.
359 85 401 153 so
417 112 482 156 nso.
500 113 569 157 suc.

49 226 142 266 Heinsius
153 223 246 263 Adverss.
256 224 296 271 ΠΙ,
307 222 441 275 8.1(p.455.)
454 224 520 275 priori
532 237 594 264 versu
604 225 658 265 coni.
670 197 720 267 viris
729 242 764 267 so·

49 292 82 319 tor
91 289 151 330 oeque
162 280 241 324 nieme,
256 275 314 327 quod
325 277 436 314 Burmann.
449 277 475 314 ad
485 277 556 316 Claud.
568 291 589 327 p.
600 276 657 317 1054.
669 278 764 328 praefert

20 343 25 350 ‘
47 334 74 369 Is.
85 328 151 367 Vossii
163 327 285 366 divinationi
294 344 314 366 υ.
325 343 341 366 s.
353 340 414 381 atquc
422 327 524 377 sarincae.
551 329 622 379 Wak„
637 331 674 381 qui
684 330 764 381 primus

46 381 84 419 hos
99 393 170 418 versus
183 380 206 417 in
222 386 343 418 contextum
355 380 451 428 reduxit,
472 393 483 418 e
499 381 553 419 coni.
570 381 634 419 edidit
651 397 671 422 v.
685 395 701 422 s.
715 393 764 421 octo

43 448 160 487 peragrans
171 436 194 471 T.
205 436 244 472 inc.
254 448 328 471 numen
339 434 452 485 coelumque
457 431 515 482 fou,
529 433 636 484 inquibus
647 440 763 473 certecoe-

46 488 88 525 lum
98 497 136 534 pro
147 486 222 523 seclum
230 484 352 521 felicissima
362 483 451 522 dicenda
461 491 492 521 est
505 484 632 531 emendati03
647 491 718 523 cetera
727 497 764 523 ve-

45 549 71 574 ro
80 536 106 574 ab
116 535 194 574 Orellio
205 536 232 573 ol)
241 535 351 573 molestam
363 536 511 586 repetitionem
521 549 540 576 v.
553 538 610 577 1167.
622 543 642 574 et
652 543 764 588 propterea

47 589 112 627 etiam
122 588 274 638 reprobantur,
288 587 344 638 quod
355 588 464 625 Lueretius
473 600 576 640 nusquam
587 604 660 628 numen
668 589 698 627 ita
707 588 764 627 nude

45 653 126 691 ponere
136 639 202 678 soleat
214 640 240 677 de
251 638 297 685 diis,
311 638 348 676 sed
356 651 439 689 semper
452 655 524 678 numen
536 639 611 689 diuum,
625 643 692 690 divae,
708 644 764 680 diui-

46 708 95 732 num
110 699 151 731 etc.
179 691 266 730 Orellius
279 690 334 739 ipse,
352 691 442 739 pressius
459 690 521 731 Codd.
534 691 641 741 insistens,
662 698 683 730 et
699 705 764 744 quum
821 689 823 691 ’

45 744 117 792 Pium,
137 751 182 780 tum
192 742 252 780 Wak.
261 747 370 791 sequutus,
391 740 456 777 edidit
465 756 487 778 u.
498 757 515 780 s.
525 753 587 795 etque
596 742 703 793 fatiscens
714 748 735 783 Τ.
748 747 762 784 i.

45 810 122 834 momen
134 795 249 846 coelumque
257 792 317 842 firm
336 791 400 829 aliam
411 790 474 830 simul
489 792 567 831 addens
579 794 633 833 coni.
645 807 693 835 onte
702 795 764 842 >foti-

45 862 103 886 scens
117 848 152 893 (ut
161 845 205 885 scil.
214 844 368 882 substantivum
384 855 454 890 antes,
476 844 526 882 alias
541 857 584 882 non
594 846 635 883 nisi
650 846 672 884 in
686 846 764 896 plurali

46 906 167 943 occurretis,
176 910 195 934 v.
205 909 222 936 c.
229 893 287 946 Virg.
297 893 438 943 Ge0.11,417.‚
447 894 482 932 hic
492 896 515 933 in
526 895 628 948 singulari
640 904 763 947 usurpatum
821 906 832 915 ‘

45 949 91 996 sit.)
112 948 204 999 Denique
222 948 298 985 Censor
309 946 352 985 eius
366 947 390 984 in
403 947 489 997 Ephem.
506 947 541 998 lit.
548 949 593 986 len.
609 949 654 997 (ch.
664 950 696 990 76.
713 949 764 987 anni

45 1001 119 1050 1823.)
127 999 188 1041 coni.
200 1011 258 1039 sotor
270 1011 291 1039 et
301 1010 408 1039 saturatus
420 1003 443 1038 Τ,
455 1002 469 1038 i.
482 1015 555 1039 nunzen
571 1002 685 1054 coelumque
691 1001 725 1053 fi,
738 1007 764 1039 ut

45 1055 142 1105 temporis
157 1062 265 1091 saturatus
278 1051 305 1088 sit
319 1051 374 1088 vitae
389 1050 460 1089 taedio
479 1058 564 1102 coptus,
585 1052 764 1102 quemadmodum

45 1104 102 1155 apud
111 1103 177 1143 Plaut.
187 1102 251 1143 Stich.
263 1104 280 1149 Ι,
289 1105 307 1150 1,
315 1104 334 1142 8.
347 1103 411 1140 Latus
420 1114 469 1140 sane
479 1103 513 1140 hic
525 1104 694 1142 coniecturarum
706 1117 764 1143 osm-

45 1168 94 1207 pus,
110 1156 185 1206 quihus
197 1160 270 1192 tamen
285 1166 349 1204 quum
363 1154 396 1191 vix
410 1154 536 1204 sperandum
550 1154 577 1192 sit
590 1168 662 1193 veram
671 1155 764 1194 Lucretii

45 1208 172 1258 scripturam
182 1219 275 1257 unquam
285 1206 405 1243 restitutum
415 1206 455 1254 iri,
469 1204 542 1242 Orellii
558 1208 702 1245 coniecturam
713 1208 764 1245 reti-

45 1260 93 1307 nui,
108 1271 161 1309 quae
177 1265 235 1295 certe
247 1264 359 1308 propterea
371 1268 383 1293 a
395 1258 486 1295 Censore
496 1256 533 1294 illo
546 1258 640 1296 nonfuit
650 1259 763 1309 reprehen-

46 1309 120 1359 denda]
134 1307 191 1361 quod
199 1310 282 1347 vetulae
293 1308 341 1346 vitis
351 1314 408 1346 sator
417 1311 461 1346 non
470 1314 552 1346 tantum
559 1324 658 1368 praesens
668 1311 764 1366 temporis
828 1320 830 1326 '

44 1373 166 1403 momentum
183 1361 275 1409 incuset,
294 1359 331 1397 sed
351 1360 409 1398 omni
427 1372 490 1407 aevo,
507 1369 630 1414 quonism,
649 1363 762 1410 inescatum

44 1426 95 1452 nam
114 1428 192 1453 momen
208 1412 264 1462 apud
281 1411 401 1449 Lucretium
411 1410 504 1449 «omniuo
520 1424 557 1462 pro
574 1425 629 1452 mom
643 1419 763 1464 usurpatur,

46 1465 99 1516 (vid.
116 1466 157 1514 111,
169 1463 270 1504 145.189.
282 1465 326 1504 190.
345 1465 382 1512 Vl,
395 1460 470 1511 471),
488 1464 518 1500 ita
536 1470 561 1500 ut
577 1480 654 1504 momen
668 1469 764 1518 temporis

45 1518 131 1556 omnino
142 1528 224 1556 mutato
234 1528 325 1569 tempora
336 1515 447 1553 commode
461 1513 526 1565 possit
535 1514 641 1562 indicare3
653 1532 730 1556 momen
741 1522 763 1554 et

13 1605 17 1617 ,
44 1585 117 1610 nomen
130 1580 179 1606 vero
198 1567 260 1605 etiam
276 1568 316 1614 111,
332 1565 375 1607 145.
394 1566 562 1613 confunduntur,
575 1579 616 1617 nec
628 1567 696 1605 minus
710 1568 763 1606 illud

44 1621 133 1659 verbum
144 1620 184 1666 ΙΙΙ,
196 1621 240 1658 189.
255 1625 275 1655 et
287 1621 331 1658 190.
345 1618 402 1656 varie
417 1618 565 1668 corrumpitur.
578 1640 604 1646 —
617 1620 646 1655 De
660 1618 763 1669 significa-

45 1673 103 1709 tione
118 1669 223 1709 formulae
231 1671 397 1721 fatigore'deos
410 1669 467 1717 (scil.
478 1669 588 1720 precihus)
604 1670 659 1706 conf.
672 1671 763 1710 Huschk.

45 1723 109 1773 Epist.
121 1722 166 1760 crit.
177 1734 198 1771 p.
208 1722 241 1761 21.
250 1727 271 1758 et
280 1720 371 1759 Oudeud.
383 1720 410 1758 ad
421 1720 501 1771 Apulei.
512 1722 561 1758 Met.
571 1721 604 1760 VI.
613 1734 633 1771 p.
643 1719 695 1772 381„
710 1735 762 1774 quos

48 1774 112 1815 Orell.
122 1774 201 1812 laudat.

96 1827 121 1862 V.
132 1827 190 1865 1171.
215 1823 295 1862 Nonius
304 1823 366 1861 affert
374 1825 407 1870 IV,
418 1824 450 1863 63.
464 1824 497 1872 (p.
506 1820 550 1862 619.
561 1822 638 1870 Goth.)
707 1841 712 1848 x

97 1878 154 1918 1175.
180 1876 285 1928 capulum]
300 1875 330 1913 sic
339 1877 388 1913 Hav.
400 1887 411 1912 e
422 1874 488 1925 Lugd.
503 1877 521 1913 1.
531 1876 549 1914 2.
562 1874 653 1912 lectione
663 1877 762 1928 copulam,

43 1928 130 1981 ingenio
147 1928 235 1974 ductus,
246 1927 341 1974 refinxit,
355 1939 419 1976 quam
431 1925 575 1964 coniecturam
588 1924 650 1963 laude
666 1926 762 1978 dignissi-

44 1993 103 2019 mam
113 1980 173 2019 Wak.
184 1979 260 2019 Eiohst.
273 1978 335 2017 Orell.
345 1983 476 2027 receperunt.
505 1978 603 2028 Copulum
619 1977 675 2015 enim
691 1987 721 2016 est
731 1979 762 2023 fe-

44 2039 132 2080 retrum,
143 2039 164 2069 et
172 2030 291 2081 saepissime
303 2042 353 2069 cum
359 2029 459 2080 sepulcro
471 2027 610 2079 coniungitur.
638 2030 710 2076 (Gonf.
719 2030 761 2069 No-

45 2083 118 2131 niusI,
131 2085 162 2123 13.
179 2084 250 2120 Festus
265 2095 282 2121 s.
299 2095 319 2121 v.
338 2081 441 2131 Capulus,
456 2079 538 2116 Servius
554 2079 582 2116 ad
596 2079 653 2133 Virg.
665 2086 714 2120 Aen.
724 2084 761 2130 XI,

45 2132 78 2175 64.
92 2132 178 2173 Tertull.
189 2133 214 2172 de
224 2145 301 2174 resurr.
312 2146 369 2172 carn.
379 2146 397 2173 c.
409 2133 442 2172 32.
452 2132 485 2172 38.
499 2130 598 2182 idemque
613 2131 638 2170 de
654 2134 724 2182 pudic.
742 2147 761 2171 c.

45 2184 90 2235 14„
104 2199 155 2237 quos
164 2185 236 2223 laudat
245 2185 318 2232 Wak.)
347 2184 418 2224 Ceteri
427 2182 478 2221 libri
490 2194 562 2221 omues
578 2187 691 2234 scopulum,
706 2185 762 2236 quod

45 2237 156 2276 Salmasius
171 2237 283 2274 defendere
296 2236 386 2283 studuit,
400 2236 448 2272 looo
463 2237 518 2273 Suet.
531 2236 630 2276 Dom.19.
645 2237 696 2285 (ubi
705 2249 762 2275 nuno

41 2306 82 2344 pro
96 2298 156 2342 scopo
172 2287 262 2339 legitur)
282 2288 473 2339 demopstraturuS,
491 2287 593 2338 scopulum
613 2301 655 2326 esse
674 2301 761 2341 parvum

44 2355 133 2394 scopum
147 2340 190 2378 sive
205 2346 295 2387 metam3
309 2339 345 2379 sed
355 2352 474 2390 perperam.
497 2339 609 2377 Praeterea
619 2342 680 2379 Orell.
690 2341 762 2377 ohser-

44 2401 86 2442 vat,
100 2393 166 2431 verba
175 2392 265 2442 margini
276 2392 323 2430 edit.
330 2392 377 2432 Ver.
382 2390 438 2442 apud
446 2392 493 2428 flav.
499 2389 604 2441 adscripta
613 2393 762 2439 „Propertium

39 2447 98 2485 illud
108 2457 152 2485 est..
170 2445 257 2483 Plautus
267 2448 289 2482 in
300 2445 391 2483 Bacctf‘
405 2441 481 2481 referri
490 2442 517 2480 ad
527 2444 659 2495 supposititia
668 2443 730 2492 issaI,
741 2444 760 2493 1,

44 2499 77 2540 26,
103 2497 201 2550 Referam
211 2511 242 2536 me
252 2498 280 2536 ad
289 2497 393 2549 scopulum
403 2511 428 2535 ex
438 2494 555 2548 naufragio.
