<?xml version="1.0" encoding="UTF-8"?>
<!DOCTYPE html PUBLIC "-//W3C//DTD XHTML 1.0 Transitional//EN"
    "http://www.w3.org/TR/xhtml1/DTD/xhtml1-transitional.dtd">
<html xmlns="http://www.w3.org/1999/xhtml" xml:lang="en" lang="en">
 <head>
  <title>
</title>
<meta http-equiv="Content-Type" content="text/html;charset=utf-8" />
  <meta name='ocr-system' content='tesseract 3.04.00' />
  <meta name='ocr-capabilities' content='ocr_page ocr_carea ocr_par ocr_line ocrx_word'/>
</head>
<body>
  <div class='ocr_page' id='page_1' title='image "./MN40048ucmf_3_0541.png"; bbox 0 0 1690 2654; ppageno 0'>
   <div class='ocr_carea' id='block_1_1' title="bbox 248 93 794 158">
    <p class='ocr_par' dir='ltr' id='par_1_1' title="bbox 248 93 794 158">
     <span class='ocr_line' id='line_1_1' title="bbox 248 93 794 158; baseline -0.007 -7"><span class='ocrx_word' id='word_1_1' title='bbox 248 112 289 154; x_wconf 72' lang='lat' dir='ltr'>Au</span> <span class='ocrx_word' id='word_1_2' title='bbox 305 105 442 151; x_wconf 77' lang='lat' dir='ltr'>uterum</span> <span class='ocrx_word' id='word_1_3' title='bbox 458 105 622 158; x_wconf 76' lang='lat' dir='ltr'>ouiuruu.</span> <span class='ocrx_word' id='word_1_4' title='bbox 741 93 794 154; x_wconf 68' lang='lat'>&#39;451</span> 
     </span>
    </p>
   </div>
   <div class='ocr_carea' id='block_1_2' title="bbox 76 203 794 373">
    <p class='ocr_par' dir='ltr' id='par_1_2' title="bbox 76 203 794 373">
     <span class='ocr_line' id='line_1_2' title="bbox 128 203 793 270; baseline -0.008 -7"><span class='ocrx_word' id='word_1_5' title='bbox 128 223 184 264; x_wconf 75' lang='lat' dir='ltr'>lose.</span> <span class='ocrx_word' id='word_1_6' title='bbox 211 203 285 269; x_wconf 61' lang='lat' dir='ltr'>variet]</span> <span class='ocrx_word' id='word_1_7' title='bbox 298 218 364 270; x_wconf 71' lang='lat' dir='ltr'>ruge.</span> <span class='ocrx_word' id='word_1_8' title='bbox 372 219 390 258; x_wconf 85' lang='lat'>1.</span> <span class='ocrx_word' id='word_1_9' title='bbox 398 219 417 257; x_wconf 78' lang='lat'>2.</span> <span class='ocrx_word' id='word_1_10' title='bbox 427 215 481 257; x_wconf 71' lang='lat' dir='ltr'>ern.</span> <span class='ocrx_word' id='word_1_11' title='bbox 490 218 561 267; x_wconf 69' lang='lat' dir='ltr'>varus,</span> <span class='ocrx_word' id='word_1_12' title='bbox 571 218 632 257; x_wconf 78' lang='lat' dir='ltr'>sou.</span> <span class='ocrx_word' id='word_1_13' title='bbox 644 217 705 257; x_wconf 75' lang='lat' dir='ltr'>utne.</span> <span class='ocrx_word' id='word_1_14' title='bbox 716 217 793 259; x_wconf 71' lang='lat' dir='ltr'>ortes.</span> 
     </span>
     <span class='ocr_line' id='line_1_3' title="bbox 76 271 625 322; baseline -0.013 -10"><span class='ocrx_word' id='word_1_15' title='bbox 76 274 123 313; x_wconf 81' lang='lat' dir='ltr'>Ver.</span> <span class='ocrx_word' id='word_1_16' title='bbox 135 277 185 313; x_wconf 87' lang='lat' dir='ltr'>Ven.</span> <span class='ocrx_word' id='word_1_17' title='bbox 196 277 276 322; x_wconf 64' lang='lat' dir='ltr'>zvarios,</span> <span class='ocrx_word' id='word_1_18' title='bbox 290 271 337 309; x_wconf 81' lang='lat' dir='ltr'>Brit.</span> <span class='ocrx_word' id='word_1_19' title='bbox 348 273 368 309; x_wconf 71' lang='grc'>2,</span> <span class='ocrx_word' id='word_1_20' title='bbox 382 272 448 308; x_wconf 73' lang='lat' dir='ltr'>vario.</span> <span class='ocrx_word' id='word_1_21' title='bbox 621 317 625 319; x_wconf 35' lang='grc'>-</span> 
     </span>
     <span class='ocr_line' id='line_1_4' title="bbox 129 319 794 373; baseline -0.008 -7"><span class='ocrx_word' id='word_1_22' title='bbox 129 328 186 366; x_wconf 84' lang='lat'>1087.</span> <span class='ocrx_word' id='word_1_23' title='bbox 212 324 286 373; x_wconf 77' lang='lat' dir='ltr'>Muto]</span> <span class='ocrx_word' id='word_1_24' title='bbox 301 323 331 360; x_wconf 89' lang='lat' dir='ltr'>sic</span> <span class='ocrx_word' id='word_1_25' title='bbox 341 321 380 359; x_wconf 87' lang='lat' dir='ltr'>soli</span> <span class='ocrx_word' id='word_1_26' title='bbox 391 321 452 360; x_wconf 87' lang='lat' dir='ltr'>Vind.</span> <span class='ocrx_word' id='word_1_27' title='bbox 464 319 509 359; x_wconf 78' lang='lat' dir='ltr'>ntd.</span> <span class='ocrx_word' id='word_1_28' title='bbox 520 320 538 359; x_wconf 66' lang='grc' dir='ltr'>1Δ</span> <span class='ocrx_word' id='word_1_29' title='bbox 549 322 568 360; x_wconf 80' lang='grc'>2.</span> <span class='ocrx_word' id='word_1_30' title='bbox 581 322 632 361; x_wconf 90' lang='lat' dir='ltr'>Bon.</span> <span class='ocrx_word' id='word_1_31' title='bbox 644 323 712 371; x_wconf 87' lang='lat' dir='ltr'>qut.;</span> <span class='ocrx_word' id='word_1_32' title='bbox 728 322 794 361; x_wconf 86' lang='lat' dir='ltr'>ceteri</span> 
     </span>
    </p>
   </div>
   <div class='ocr_carea' id='block_1_3' title="bbox 60 373 793 888">
    <p class='ocr_par' dir='ltr' id='par_1_3' title="bbox 75 373 420 423">
     <span class='ocr_line' id='line_1_5' title="bbox 75 373 420 423; baseline -0.012 -9"><span class='ocrx_word' id='word_1_33' title='bbox 75 377 124 416; x_wconf 88' lang='lat' dir='ltr'>libri</span> <span class='ocrx_word' id='word_1_34' title='bbox 136 381 206 415; x_wconf 83' lang='lat' dir='ltr'>omnes</span> <span class='ocrx_word' id='word_1_35' title='bbox 219 379 299 423; x_wconf 77' lang='lat' dir='ltr'>Multa,</span> <span class='ocrx_word' id='word_1_36' title='bbox 313 373 420 411; x_wconf 77' lang='lat' dir='ltr'>mendose.</span> 
     </span>
    </p>

    <p class='ocr_par' dir='ltr' id='par_1_4' title="bbox 74 422 793 581">
     <span class='ocr_line' id='line_1_6' title="bbox 126 422 793 475; baseline -0.007 -7"><span class='ocrx_word' id='word_1_37' title='bbox 126 430 183 468; x_wconf 79' lang='lat'>1091·</span> <span class='ocrx_word' id='word_1_38' title='bbox 211 427 288 475; x_wconf 70' lang='lat' dir='ltr'>terras]</span> <span class='ocrx_word' id='word_1_39' title='bbox 304 428 343 463; x_wconf 89' lang='lat' dir='ltr'>Per</span> <span class='ocrx_word' id='word_1_40' title='bbox 354 436 449 462; x_wconf 88' lang='lat' dir='ltr'>errorem</span> <span class='ocrx_word' id='word_1_41' title='bbox 458 422 522 460; x_wconf 87' lang='lat' dir='ltr'>modo</span> <span class='ocrx_word' id='word_1_42' title='bbox 533 422 586 461; x_wconf 85' lang='lat' dir='ltr'>haec</span> <span class='ocrx_word' id='word_1_43' title='bbox 597 424 687 474; x_wconf 76' lang='lat' dir='ltr'>vulgaris</span> <span class='ocrx_word' id='word_1_44' title='bbox 696 425 758 463; x_wconf 86' lang='lat' dir='ltr'>lectio</span> <span class='ocrx_word' id='word_1_45' title='bbox 770 425 793 463; x_wconf 88' lang='lat' dir='ltr'>in</span> 
     </span>
     <span class='ocr_line' id='line_1_7' title="bbox 75 475 793 527; baseline -0.004 -9"><span class='ocrx_word' id='word_1_46' title='bbox 75 486 172 518; x_wconf 78' lang='lat' dir='ltr'>contextu</span> <span class='ocrx_word' id='word_1_47' title='bbox 186 485 266 515; x_wconf 71' lang='lat' dir='ltr'>servata</span> <span class='ocrx_word' id='word_1_48' title='bbox 284 484 326 527; x_wconf 83' lang='lat' dir='ltr'>est,</span> <span class='ocrx_word' id='word_1_49' title='bbox 342 478 376 514; x_wconf 89' lang='lat' dir='ltr'>cui</span> <span class='ocrx_word' id='word_1_50' title='bbox 390 475 452 516; x_wconf 84' lang='lat' dir='ltr'>Wak.</span> <span class='ocrx_word' id='word_1_51' title='bbox 467 487 492 513; x_wconf 82' lang='lat' dir='ltr'>ex</span> <span class='ocrx_word' id='word_1_52' title='bbox 507 476 603 514; x_wconf 87' lang='lat' dir='ltr'>omnibus</span> <span class='ocrx_word' id='word_1_53' title='bbox 616 477 675 514; x_wconf 87' lang='lat' dir='ltr'>libris</span> <span class='ocrx_word' id='word_1_54' title='bbox 688 477 793 515; x_wconf 77' lang='lat' dir='ltr'><strong>substituit</strong></span> 
     </span>
     <span class='ocr_line' id='line_1_8' title="bbox 74 531 295 581; baseline -0.023 -13"><span class='ocrx_word' id='word_1_55' title='bbox 74 531 201 581; x_wconf 74' lang='lat' dir='ltr'>singularem</span> <span class='ocrx_word' id='word_1_56' title='bbox 214 540 295 568; x_wconf 75' lang='lat' dir='ltr'>terrum.</span> 
     </span>
    </p>

    <p class='ocr_par' dir='ltr' id='par_1_5' title="bbox 72 578 793 722">
     <span class='ocr_line' id='line_1_9' title="bbox 126 578 793 629; baseline -0.004 -9"><span class='ocrx_word' id='word_1_57' title='bbox 126 583 183 620; x_wconf 69' lang='lat'>1092.</span> <span class='ocrx_word' id='word_1_58' title='bbox 211 579 268 628; x_wconf 73' lang='lat' dir='ltr'>inde]</span> <span class='ocrx_word' id='word_1_59' title='bbox 284 580 346 616; x_wconf 82' lang='lat' dir='ltr'>Poor.</span> <span class='ocrx_word' id='word_1_60' title='bbox 357 580 415 617; x_wconf 80' lang='lat' dir='ltr'>unde.</span> <span class='ocrx_word' id='word_1_61' title='bbox 429 600 456 606; x_wconf 84' lang='lat'>-</span> <span class='ocrx_word' id='word_1_62' title='bbox 469 578 560 629; x_wconf 80' lang='lat' dir='ltr'>diditur]</span> <span class='ocrx_word' id='word_1_63' title='bbox 574 585 625 619; x_wconf 85' lang='lat' dir='ltr'>vett.</span> <span class='ocrx_word' id='word_1_64' title='bbox 638 579 695 618; x_wconf 84' lang='lat' dir='ltr'>editt.</span> <span class='ocrx_word' id='word_1_65' title='bbox 708 585 793 629; x_wconf 79' lang='lat' dir='ltr'>praeter</span> 
     </span>
     <span class='ocr_line' id='line_1_10' title="bbox 72 630 792 682; baseline -0.003 -11"><span class='ocrx_word' id='word_1_66' title='bbox 72 635 126 671; x_wconf 81' lang='lat' dir='ltr'>lunt.</span> <span class='ocrx_word' id='word_1_67' title='bbox 145 639 165 669; x_wconf 91' lang='lat' dir='ltr'>et</span> <span class='ocrx_word' id='word_1_68' title='bbox 178 631 251 672; x_wconf 66' lang='lat' dir='ltr'>Arde.</span> <span class='ocrx_word' id='word_1_69' title='bbox 268 632 356 682; x_wconf 78' lang='lat' dir='ltr'>deditur.</span> <span class='ocrx_word' id='word_1_70' title='bbox 381 630 447 670; x_wconf 85' lang='lat' dir='ltr'>Eentl.</span> <span class='ocrx_word' id='word_1_71' title='bbox 462 631 516 672; x_wconf 87' lang='lat' dir='ltr'>coni.</span> <span class='ocrx_word' id='word_1_72' title='bbox 532 634 621 682; x_wconf 78' lang='lat' dir='ltr'>diditus,</span> <span class='ocrx_word' id='word_1_73' title='bbox 636 631 690 670; x_wconf 84' lang='lat' dir='ltr'>citra</span> <span class='ocrx_word' id='word_1_74' title='bbox 703 631 792 669; x_wconf 89' lang='lat' dir='ltr'>necessi-</span> 
     </span>
     <span class='ocr_line' id='line_1_11' title="bbox 73 690 146 722; baseline 0.014 -1"><span class='ocrx_word' id='word_1_75' title='bbox 73 690 146 722; x_wconf 83' lang='lat' dir='ltr'>tatem.</span> 
     </span>
    </p>

    <p class='ocr_par' dir='ltr' id='par_1_6' title="bbox 72 732 792 835">
     <span class='ocr_line' id='line_1_12' title="bbox 125 732 792 786; baseline -0.001 -12"><span class='ocrx_word' id='word_1_76' title='bbox 125 736 182 774; x_wconf 78' lang='lat'>1093.</span> <span class='ocrx_word' id='word_1_77' title='bbox 209 732 287 782; x_wconf 82' lang='lat' dir='ltr'>incita]</span> <span class='ocrx_word' id='word_1_78' title='bbox 312 734 370 771; x_wconf 87' lang='lat' dir='ltr'>Hanc</span> <span class='ocrx_word' id='word_1_79' title='bbox 387 733 494 785; x_wconf 81' lang='lat' dir='ltr'>vulgatam</span> <span class='ocrx_word' id='word_1_80' title='bbox 510 733 636 783; x_wconf 85' lang='lat' dir='ltr'>lectionem,</span> <span class='ocrx_word' id='word_1_81' title='bbox 661 748 724 786; x_wconf 80' lang='lat' dir='ltr'>quam</span> <span class='ocrx_word' id='word_1_82' title='bbox 742 748 792 773; x_wconf 87' lang='lat' dir='ltr'>cum</span> 
     </span>
     <span class='ocr_line' id='line_1_13' title="bbox 72 784 791 835; baseline 0.003 -11"><span class='ocrx_word' id='word_1_83' title='bbox 72 785 148 825; x_wconf 86' lang='lat' dir='ltr'>Eichst.</span> <span class='ocrx_word' id='word_1_84' title='bbox 159 791 180 823; x_wconf 89' lang='lat' dir='ltr'>et</span> <span class='ocrx_word' id='word_1_85' title='bbox 189 785 265 822; x_wconf 88' lang='lat' dir='ltr'>Orellio</span> <span class='ocrx_word' id='word_1_86' title='bbox 276 784 359 832; x_wconf 85' lang='lat' dir='ltr'>retinui,</span> <span class='ocrx_word' id='word_1_87' title='bbox 369 798 412 823; x_wconf 90' lang='lat' dir='ltr'>non</span> <span class='ocrx_word' id='word_1_88' title='bbox 422 786 491 823; x_wconf 86' lang='lat' dir='ltr'>solum</span> <span class='ocrx_word' id='word_1_89' title='bbox 500 786 559 823; x_wconf 88' lang='lat' dir='ltr'>locus</span> <span class='ocrx_word' id='word_1_90' title='bbox 569 786 688 824; x_wconf 86' lang='lat' dir='ltr'>simillimus</span> <span class='ocrx_word' id='word_1_91' title='bbox 698 788 732 834; x_wconf 86' lang='lat' dir='ltr'>VI,</span> <span class='ocrx_word' id='word_1_92' title='bbox 739 786 791 835; x_wconf 67' lang='lat'>428„</span> 
     </span>
    </p>

    <p class='ocr_par' dir='ltr' id='par_1_7' title="bbox 60 836 791 888">
     <span class='ocr_line' id='line_1_14' title="bbox 60 836 791 888; baseline 0 -13"><span class='ocrx_word' id='word_1_93' title='bbox 60 838 110 875; x_wconf 58' lang='lat' dir='ltr'>‘sed</span> <span class='ocrx_word' id='word_1_94' title='bbox 123 837 186 874; x_wconf 91' lang='lat' dir='ltr'>etiam</span> <span class='ocrx_word' id='word_1_95' title='bbox 201 836 265 874; x_wconf 90' lang='lat' dir='ltr'>Nonii</span> <span class='ocrx_word' id='word_1_96' title='bbox 282 837 408 886; x_wconf 80' lang='lat' dir='ltr'>auctoritas,</span> <span class='ocrx_word' id='word_1_97' title='bbox 424 838 459 888; x_wconf 81' lang='lat' dir='ltr'>qui</span> <span class='ocrx_word' id='word_1_98' title='bbox 470 851 502 875; x_wconf 83' lang='lat' dir='ltr'>vv.</span> <span class='ocrx_word' id='word_1_99' title='bbox 516 839 572 877; x_wconf 78' lang='lat'>1093.</span> <span class='ocrx_word' id='word_1_100' title='bbox 583 845 603 874; x_wconf 91' lang='lat' dir='ltr'>et</span> <span class='ocrx_word' id='word_1_101' title='bbox 614 837 671 877; x_wconf 70' lang='lat'>1094.</span> <span class='ocrx_word' id='word_1_102' title='bbox 688 839 749 876; x_wconf 78' lang='lat' dir='ltr'>affert</span> <span class='ocrx_word' id='word_1_103' title='bbox 763 841 791 888; x_wconf 87' lang='lat' dir='ltr'>X,</span> 
     </span>
    </p>
   </div>
   <div class='ocr_carea' id='block_1_4' title="bbox 2 888 792 939">
    <p class='ocr_par' dir='ltr' id='par_1_8' title="bbox 2 888 792 939">
     <span class='ocr_line' id='line_1_15' title="bbox 2 888 792 939; baseline -0.004 -9"><span class='ocrx_word' id='word_1_104' title='bbox 2 927 4 930; x_wconf 92' lang='lat'>.</span> <span class='ocrx_word' id='word_1_105' title='bbox 74 891 117 939; x_wconf 69' lang='lat'>12,</span> <span class='ocrx_word' id='word_1_106' title='bbox 132 896 152 926; x_wconf 95' lang='lat' dir='ltr'>et</span> <span class='ocrx_word' id='word_1_107' title='bbox 165 888 222 926; x_wconf 86' lang='lat' dir='ltr'>editt.</span> <span class='ocrx_word' id='word_1_108' title='bbox 232 890 287 926; x_wconf 81' lang='lat' dir='ltr'>lunt.</span> <span class='ocrx_word' id='word_1_109' title='bbox 299 895 319 926; x_wconf 92' lang='lat' dir='ltr'>et</span> <span class='ocrx_word' id='word_1_110' title='bbox 328 888 374 928; x_wconf 84' lang='lat' dir='ltr'>Ald.</span> <span class='ocrx_word' id='word_1_111' title='bbox 385 891 404 929; x_wconf 72' lang='lat'>2.</span> <span class='ocrx_word' id='word_1_112' title='bbox 421 896 512 927; x_wconf 89' lang='lat' dir='ltr'>tuentur.</span> <span class='ocrx_word' id='word_1_113' title='bbox 540 889 600 928; x_wconf 83' lang='lat' dir='ltr'>Wak.</span> <span class='ocrx_word' id='word_1_114' title='bbox 617 902 627 926; x_wconf 95' lang='lat' dir='ltr'>e</span> <span class='ocrx_word' id='word_1_115' title='bbox 642 890 715 927; x_wconf 89' lang='lat' dir='ltr'>ceteris</span> <span class='ocrx_word' id='word_1_116' title='bbox 732 890 792 927; x_wconf 84' lang='lat' dir='ltr'>libris</span> 
     </span>
    </p>
   </div>
   <div class='ocr_carea' id='block_1_5' title="bbox 73 940 792 1043">
    <p class='ocr_par' dir='ltr' id='par_1_9' title="bbox 73 940 792 1043">
     <span class='ocr_line' id='line_1_16' title="bbox 73 940 792 991; baseline 0.003 -14"><span class='ocrx_word' id='word_1_117' title='bbox 73 941 168 978; x_wconf 86' lang='lat' dir='ltr'>omnibus</span> <span class='ocrx_word' id='word_1_118' title='bbox 179 940 244 978; x_wconf 80' lang='lat' dir='ltr'>edidit</span> <span class='ocrx_word' id='word_1_119' title='bbox 254 940 328 988; x_wconf 78' lang='lat' dir='ltr'>insita,</span> <span class='ocrx_word' id='word_1_120' title='bbox 343 941 399 991; x_wconf 89' lang='lat' dir='ltr'>quod</span> <span class='ocrx_word' id='word_1_121' title='bbox 410 941 436 978; x_wconf 88' lang='lat' dir='ltr'>ab</span> <span class='ocrx_word' id='word_1_122' title='bbox 451 942 550 979; x_wconf 87' lang='lat' dir='ltr'>hocloco</span> <span class='ocrx_word' id='word_1_123' title='bbox 561 942 654 979; x_wconf 78' lang='lat' dir='ltr'>alienum</span> <span class='ocrx_word' id='word_1_124' title='bbox 666 941 754 988; x_wconf 77' lang='lat' dir='ltr'>videtur,</span> <span class='ocrx_word' id='word_1_125' title='bbox 769 942 792 979; x_wconf 89' lang='lat' dir='ltr'>in</span> 
     </span>
     <span class='ocr_line' id='line_1_17' title="bbox 74 992 791 1043; baseline 0.001 -14"><span class='ocrx_word' id='word_1_126' title='bbox 74 1005 114 1043; x_wconf 86' lang='lat' dir='ltr'>quo</span> <span class='ocrx_word' id='word_1_127' title='bbox 125 992 150 1029; x_wconf 89' lang='lat' dir='ltr'>de</span> <span class='ocrx_word' id='word_1_128' title='bbox 161 993 242 1042; x_wconf 75' lang='lat' dir='ltr'>origine</span> <span class='ocrx_word' id='word_1_129' title='bbox 252 998 273 1029; x_wconf 92' lang='lat' dir='ltr'>et</span> <span class='ocrx_word' id='word_1_130' title='bbox 283 992 418 1030; x_wconf 75' lang='lat' dir='ltr'>suscitatione</span> <span class='ocrx_word' id='word_1_131' title='bbox 429 994 563 1031; x_wconf 81' lang='lat' dir='ltr'>flammarum</span> <span class='ocrx_word' id='word_1_132' title='bbox 574 1006 642 1030; x_wconf 89' lang='lat' dir='ltr'>sermo</span> <span class='ocrx_word' id='word_1_133' title='bbox 654 999 690 1031; x_wconf 89' lang='lat' dir='ltr'>est.</span> <span class='ocrx_word' id='word_1_134' title='bbox 722 995 791 1030; x_wconf 90' lang='lat' dir='ltr'>Locos</span> 
     </span>
    </p>
   </div>
   <div class='ocr_carea' id='block_1_6' title="bbox 4 1040 790 1095">
    <p class='ocr_par' dir='ltr' id='par_1_10' title="bbox 4 1040 790 1095">
     <span class='ocr_line' id='line_1_18' title="bbox 4 1040 790 1095; baseline 0.001 -15"><span class='ocrx_word' id='word_1_135' title='bbox 4 1040 7 1041; x_wconf 41' lang='lat'><em>⁷</em></span> <span class='ocrx_word' id='word_1_136' title='bbox 72 1042 143 1081; x_wconf 83' lang='lat' dir='ltr'>autem</span> <span class='ocrx_word' id='word_1_137' title='bbox 159 1057 172 1081; x_wconf 90' lang='lat' dir='ltr'>a</span> <span class='ocrx_word' id='word_1_138' title='bbox 187 1046 248 1082; x_wconf 82' lang='lat' dir='ltr'>Wak.</span> <span class='ocrx_word' id='word_1_139' title='bbox 266 1044 399 1095; x_wconf 51' lang='lat' dir='ltr'>collium,</span> <span class='ocrx_word' id='word_1_140' title='bbox 416 1046 461 1084; x_wconf 80' lang='lat'>901.</span> <span class='ocrx_word' id='word_1_141' title='bbox 477 1047 535 1094; x_wconf 85' lang='lat'>(900.</span> <span class='ocrx_word' id='word_1_142' title='bbox 548 1051 633 1082; x_wconf 87' lang='lat' dir='ltr'>nostrae</span> <span class='ocrx_word' id='word_1_143' title='bbox 646 1044 709 1090; x_wconf 85' lang='lat' dir='ltr'>edit.)</span> <span class='ocrx_word' id='word_1_144' title='bbox 724 1051 745 1081; x_wconf 88' lang='lat' dir='ltr'>et</span> <span class='ocrx_word' id='word_1_145' title='bbox 756 1046 790 1094; x_wconf 78' lang='lat' dir='ltr'>IV,</span> 
     </span>
    </p>
   </div>
   <div class='ocr_carea' id='block_1_7' title="bbox 72 1094 791 1147">
    <p class='ocr_par' dir='ltr' id='par_1_11' title="bbox 72 1094 791 1147">
     <span class='ocr_line' id='line_1_19' title="bbox 72 1094 791 1147; baseline 0 -13"><span class='ocrx_word' id='word_1_146' title='bbox 72 1095 132 1140; x_wconf 67' lang='lat'>331..</span> <span class='ocrx_word' id='word_1_147' title='bbox 142 1108 226 1144; x_wconf 89' lang='lat' dir='ltr'>prorsus</span> <span class='ocrx_word' id='word_1_148' title='bbox 242 1094 323 1134; x_wconf 75' lang='lat' dir='ltr'>diversi.</span> <span class='ocrx_word' id='word_1_149' title='bbox 334 1096 415 1146; x_wconf 84' lang='lat' dir='ltr'>generis</span> <span class='ocrx_word' id='word_1_150' title='bbox 433 1108 488 1143; x_wconf 85' lang='lat' dir='ltr'>esse,</span> <span class='ocrx_word' id='word_1_151' title='bbox 504 1096 591 1147; x_wconf 84' lang='lat' dir='ltr'>quisque</span> <span class='ocrx_word' id='word_1_152' title='bbox 603 1097 665 1137; x_wconf 87' lang='lat' dir='ltr'>videt.</span> <span class='ocrx_word' id='word_1_153' title='bbox 693 1098 791 1134; x_wconf 87' lang='lat' dir='ltr'>Ceterum</span> 
     </span>
    </p>
   </div>
   <div class='ocr_carea' id='block_1_8' title="bbox 55 1143 790 1199">
    <p class='ocr_par' dir='ltr' id='par_1_12' title="bbox 55 1143 790 1199">
     <span class='ocr_line' id='line_1_20' title="bbox 55 1143 790 1199; baseline 0.003 -15"><span class='ocrx_word' id='word_1_154' title='bbox 55 1175 60 1178; x_wconf 43' lang='grc' dir='ltr'><em>ι</em></span> <span class='ocrx_word' id='word_1_155' title='bbox 72 1146 98 1184; x_wconf 83' lang='lat' dir='ltr'>de</span> <span class='ocrx_word' id='word_1_156' title='bbox 112 1148 176 1184; x_wconf 82' lang='lat' dir='ltr'>verbo</span> <span class='ocrx_word' id='word_1_157' title='bbox 186 1148 271 1199; x_wconf 64' lang='lat' dir='ltr'>fulgdre</span> <span class='ocrx_word' id='word_1_158' title='bbox 287 1143 362 1185; x_wconf 81' lang='lat' dir='ltr'>t&#39;ertiae</span> <span class='ocrx_word' id='word_1_159' title='bbox 379 1148 475 1199; x_wconf 78' lang='lat' dir='ltr'>coniug.,</span> <span class='ocrx_word' id='word_1_160' title='bbox 490 1148 546 1198; x_wconf 82' lang='lat' dir='ltr'>quod</span> <span class='ocrx_word' id='word_1_161' title='bbox 560 1149 615 1186; x_wconf 87' lang='lat' dir='ltr'>redit</span> <span class='ocrx_word' id='word_1_162' title='bbox 627 1148 683 1197; x_wconf 87' lang='lat' dir='ltr'>apud</span> <span class='ocrx_word' id='word_1_163' title='bbox 693 1155 790 1186; x_wconf 87' lang='lat' dir='ltr'>nostrum</span> 
     </span>
    </p>
   </div>
   <div class='ocr_carea' id='block_1_9' title="bbox 44 1196 792 2541">
    <p class='ocr_par' dir='ltr' id='par_1_13' title="bbox 71 1196 790 1402">
     <span class='ocr_line' id='line_1_21' title="bbox 71 1196 790 1250; baseline -0.003 -12"><span class='ocrx_word' id='word_1_164' title='bbox 71 1198 108 1242; x_wconf 84' lang='lat' dir='ltr'>VI,</span> <span class='ocrx_word' id='word_1_165' title='bbox 120 1201 163 1238; x_wconf 82' lang='lat'>160.</span> <span class='ocrx_word' id='word_1_166' title='bbox 174 1199 218 1238; x_wconf 81' lang='lat'>165.</span> <span class='ocrx_word' id='word_1_167' title='bbox 231 1196 330 1238; x_wconf 72' lang='grc'>171214.</span> <span class='ocrx_word' id='word_1_168' title='bbox 344 1205 364 1236; x_wconf 92' lang='lat' dir='ltr'>et</span> <span class='ocrx_word' id='word_1_169' title='bbox 373 1201 432 1247; x_wconf 67' lang='lat'>218..</span> <span class='ocrx_word' id='word_1_170' title='bbox 447 1206 529 1250; x_wconf 84' lang='lat' dir='ltr'>praeter</span> <span class='ocrx_word' id='word_1_171' title='bbox 542 1200 605 1237; x_wconf 90' lang='lat' dir='ltr'>Nonii</span> <span class='ocrx_word' id='word_1_172' title='bbox 615 1200 630 1238; x_wconf 90' lang='lat' dir='ltr'>I.</span> <span class='ocrx_word' id='word_1_173' title='bbox 641 1200 655 1237; x_wconf 94' lang='lat' dir='ltr'>l.</span> <span class='ocrx_word' id='word_1_174' title='bbox 669 1199 723 1237; x_wconf 77' lang='lat' dir='ltr'>conl.</span> <span class='ocrx_word' id='word_1_175' title='bbox 734 1200 790 1236; x_wconf 79' lang='lat' dir='ltr'>Rud-</span> 
     </span>
     <span class='ocr_line' id='line_1_22' title="bbox 72 1248 790 1301; baseline 0.006 -15"><span class='ocrx_word' id='word_1_176' title='bbox 72 1248 122 1288; x_wconf 82' lang='lat' dir='ltr'>dim.</span> <span class='ocrx_word' id='word_1_177' title='bbox 133 1253 182 1289; x_wconf 91' lang='lat' dir='ltr'>Inst.</span> <span class='ocrx_word' id='word_1_178' title='bbox 194 1252 230 1289; x_wconf 83' lang='lat' dir='ltr'>Gr.</span> <span class='ocrx_word' id='word_1_179' title='bbox 242 1255 257 1291; x_wconf 88' lang='lat' dir='ltr'>I.</span> <span class='ocrx_word' id='word_1_180' title='bbox 268 1264 288 1300; x_wconf 84' lang='lat' dir='ltr'>p.</span> <span class='ocrx_word' id='word_1_181' title='bbox 299 1252 345 1290; x_wconf 69' lang='lat'>277.</span> <span class='ocrx_word' id='word_1_182' title='bbox 357 1257 401 1291; x_wconf 87' lang='lat' dir='ltr'>not.</span> <span class='ocrx_word' id='word_1_183' title='bbox 411 1252 442 1291; x_wconf 82' lang='lat'>67.</span> <span class='ocrx_word' id='word_1_184' title='bbox 466 1251 536 1301; x_wconf 80' lang='lat' dir='ltr'>(Conf.</span> <span class='ocrx_word' id='word_1_185' title='bbox 550 1252 614 1289; x_wconf 87' lang='lat' dir='ltr'>etiam</span> <span class='ocrx_word' id='word_1_186' title='bbox 627 1252 655 1298; x_wconf 89' lang='grc' dir='ltr'>Π,</span> <span class='ocrx_word' id='word_1_187' title='bbox 666 1250 698 1291; x_wconf 79' lang='grc'>41,</span> <span class='ocrx_word' id='word_1_188' title='bbox 707 1254 790 1299; x_wconf 64' lang='lat' dir='ltr'>fervdre</span> 
     </span>
     <span class='ocr_line' id='line_1_23' title="bbox 73 1301 789 1352; baseline 0.008 -14"><span class='ocrx_word' id='word_1_189' title='bbox 73 1301 113 1349; x_wconf 87' lang='lat' dir='ltr'>[de</span> <span class='ocrx_word' id='word_1_190' title='bbox 130 1315 171 1352; x_wconf 84' lang='lat' dir='ltr'>quo</span> <span class='ocrx_word' id='word_1_191' title='bbox 186 1302 227 1340; x_wconf 81' lang='lat' dir='ltr'>vid.</span> <span class='ocrx_word' id='word_1_192' title='bbox 244 1302 340 1343; x_wconf 81' lang='lat' dir='ltr'>Ruddim.</span> <span class='ocrx_word' id='word_1_193' title='bbox 351 1305 401 1341; x_wconf 87' lang='lat' dir='ltr'>Inst.</span> <span class='ocrx_word' id='word_1_194' title='bbox 413 1304 448 1340; x_wconf 89' lang='lat' dir='ltr'>Gr.</span> <span class='ocrx_word' id='word_1_195' title='bbox 459 1306 474 1341; x_wconf 86' lang='lat' dir='ltr'>I.</span> <span class='ocrx_word' id='word_1_196' title='bbox 486 1316 506 1351; x_wconf 90' lang='lat' dir='ltr'>p.</span> <span class='ocrx_word' id='word_1_197' title='bbox 518 1305 563 1342; x_wconf 73' lang='lat'>219.</span> <span class='ocrx_word' id='word_1_198' title='bbox 575 1310 618 1341; x_wconf 86' lang='lat' dir='ltr'>not.</span> <span class='ocrx_word' id='word_1_199' title='bbox 632 1303 676 1352; x_wconf 79' lang='lat'>80]</span> <span class='ocrx_word' id='word_1_200' title='bbox 692 1304 734 1350; x_wconf 64' lang='lat' dir='ltr'>VI,v</span> <span class='ocrx_word' id='word_1_201' title='bbox 743 1301 789 1344; x_wconf 80' lang='lat'>149.</span> 
     </span>
     <span class='ocr_line' id='line_1_24' title="bbox 71 1354 526 1402; baseline 0.002 -10"><span class='ocrx_word' id='word_1_202' title='bbox 71 1356 157 1392; x_wconf 61' lang='lat' dir='ltr'>stridere</span> <span class='ocrx_word' id='word_1_203' title='bbox 167 1361 214 1402; x_wconf 79' lang='lat' dir='ltr'>etc,</span> <span class='ocrx_word' id='word_1_204' title='bbox 229 1360 250 1390; x_wconf 87' lang='lat' dir='ltr'>et</span> <span class='ocrx_word' id='word_1_205' title='bbox 257 1354 306 1394; x_wconf 82' lang='lat' dir='ltr'>¹uide</span> <span class='ocrx_word' id='word_1_206' title='bbox 315 1361 386 1392; x_wconf 87' lang='lat' dir='ltr'>notam</span> <span class='ocrx_word' id='word_1_207' title='bbox 398 1354 424 1391; x_wconf 91' lang='lat' dir='ltr'>ad</span> <span class='ocrx_word' id='word_1_208' title='bbox 433 1356 471 1399; x_wconf 74' lang='lat'>111.</span> <span class='ocrx_word' id='word_1_209' title='bbox 481 1357 526 1402; x_wconf 67' lang='lat'>22.)</span> 
     </span>
    </p>

    <p class='ocr_par' dir='ltr' id='par_1_14' title="bbox 123 1403 720 1455">
     <span class='ocr_line' id='line_1_25' title="bbox 123 1403 720 1455; baseline 0 -11"><span class='ocrx_word' id='word_1_210' title='bbox 123 1403 181 1444; x_wconf 78' lang='lat'>1094.</span> <span class='ocrx_word' id='word_1_211' title='bbox 208 1405 270 1443; x_wconf 79' lang='lat' dir='ltr'>Wek.</span> <span class='ocrx_word' id='word_1_212' title='bbox 281 1405 334 1446; x_wconf 85' lang='lat' dir='ltr'>coni.</span> <span class='ocrx_word' id='word_1_213' title='bbox 345 1409 424 1445; x_wconf 80' lang='lat' dir='ltr'>roravit</span> <span class='ocrx_word' id='word_1_214' title='bbox 436 1419 473 1455; x_wconf 88' lang='lat' dir='ltr'>pro</span> <span class='ocrx_word' id='word_1_215' title='bbox 485 1408 581 1450; x_wconf 74' lang='lat' dir='ltr'>donauit,</span> <span class='ocrx_word' id='word_1_216' title='bbox 595 1404 639 1443; x_wconf 91' lang='lat' dir='ltr'>sine</span> <span class='ocrx_word' id='word_1_217' title='bbox 650 1418 720 1444; x_wconf 86' lang='lat' dir='ltr'>causa.</span> 
     </span>
    </p>

    <p class='ocr_par' dir='ltr' id='par_1_15' title="bbox 71 1457 792 1713">
     <span class='ocr_line' id='line_1_26' title="bbox 124 1457 787 1508; baseline 0.002 -13"><span class='ocrx_word' id='word_1_218' title='bbox 124 1458 180 1496; x_wconf 79' lang='lat'>1095.</span> <span class='ocrx_word' id='word_1_219' title='bbox 207 1457 247 1506; x_wconf 82' lang='lat' dir='ltr'>Et]</span> <span class='ocrx_word' id='word_1_220' title='bbox 262 1457 329 1508; x_wconf 82' lang='lat' dir='ltr'>Lugd.</span> <span class='ocrx_word' id='word_1_221' title='bbox 341 1460 359 1496; x_wconf 90' lang='lat'>1.</span> <span class='ocrx_word' id='word_1_222' title='bbox 369 1460 388 1496; x_wconf 75' lang='lat'>2.</span> <span class='ocrx_word' id='word_1_223' title='bbox 398 1458 455 1494; x_wconf 86' lang='lat' dir='ltr'>Bodl.</span> <span class='ocrx_word' id='word_1_224' title='bbox 467 1458 519 1495; x_wconf 84' lang='lat' dir='ltr'>Brix.</span> <span class='ocrx_word' id='word_1_225' title='bbox 532 1459 580 1494; x_wconf 88' lang='lat' dir='ltr'>Ver.</span> <span class='ocrx_word' id='word_1_226' title='bbox 593 1458 643 1494; x_wconf 89' lang='lat' dir='ltr'>Ven.</span> <span class='ocrx_word' id='word_1_227' title='bbox 655 1457 787 1497; x_wconf 78' lang='lat' dir='ltr'>Atd.1.sson.</span> 
     </span>
     <span class='ocr_line' id='line_1_27' title="bbox 75 1508 792 1560; baseline 0.001 -15"><span class='ocrx_word' id='word_1_228' title='bbox 75 1510 113 1553; x_wconf 73' lang='lat' dir='ltr'>Ur,</span> <span class='ocrx_word' id='word_1_229' title='bbox 129 1508 184 1558; x_wconf 85' lang='lat' dir='ltr'>quod</span> <span class='ocrx_word' id='word_1_230' title='bbox 197 1521 262 1558; x_wconf 79' lang='lat' dir='ltr'>quum</span> <span class='ocrx_word' id='word_1_231' title='bbox 273 1509 333 1547; x_wconf 83' lang='lat' dir='ltr'>Wak.</span> <span class='ocrx_word' id='word_1_232' title='bbox 348 1509 398 1546; x_wconf 90' lang='lat' dir='ltr'>dicit</span> <span class='ocrx_word' id='word_1_233' title='bbox 411 1509 535 1558; x_wconf 87' lang='lat' dir='ltr'>„editorum</span> <span class='ocrx_word' id='word_1_234' title='bbox 547 1508 604 1560; x_wconf 78' lang='lat' dir='ltr'>genti</span> <span class='ocrx_word' id='word_1_235' title='bbox 616 1509 792 1558; x_wconf 43' lang='lat' dir='ltr'>placuissessine&#39;</span> 
     </span>
     <span class='ocr_line' id='line_1_28' title="bbox 71 1558 788 1610; baseline 0.006 -16"><span class='ocrx_word' id='word_1_236' title='bbox 71 1558 186 1597; x_wconf 85' lang='lat' dir='ltr'>rationibus</span> <span class='ocrx_word' id='word_1_237' title='bbox 199 1560 278 1598; x_wconf 86' lang='lat' dir='ltr'>idoneis</span> <span class='ocrx_word' id='word_1_238' title='bbox 292 1567 411 1598; x_wconf 87' lang='lat' dir='ltr'>ceterorum</span> <span class='ocrx_word' id='word_1_239' title='bbox 424 1560 527 1598; x_wconf 79' lang='lat' dir='ltr'>librorum</span> <span class='ocrx_word' id='word_1_240' title='bbox 541 1561 688 1598; x_wconf 80' lang='lat' dir='ltr'>anctoritatem</span> <span class='ocrx_word' id='word_1_241' title='bbox 703 1561 788 1610; x_wconf 84' lang='lat' dir='ltr'>postha-</span> 
     </span>
     <span class='ocr_line' id='line_1_29' title="bbox 71 1608 788 1662; baseline 0.004 -16"><span class='ocrx_word' id='word_1_242' title='bbox 71 1608 161 1659; x_wconf 83' lang='lat' dir='ltr'>benti,“</span> <span class='ocrx_word' id='word_1_243' title='bbox 177 1618 233 1649; x_wconf 78' lang='lat' dir='ltr'>errat</span> <span class='ocrx_word' id='word_1_244' title='bbox 241 1612 272 1649; x_wconf 89' lang='lat' dir='ltr'>vir</span> <span class='ocrx_word' id='word_1_245' title='bbox 284 1612 375 1661; x_wconf 74' lang='lat' dir='ltr'>doctiss,</span> <span class='ocrx_word' id='word_1_246' title='bbox 391 1611 494 1662; x_wconf 85' lang='lat' dir='ltr'>siquidem</span> <span class='ocrx_word' id='word_1_247' title='bbox 506 1625 577 1649; x_wconf 89' lang='lat' dir='ltr'>omnes</span> <span class='ocrx_word' id='word_1_248' title='bbox 590 1612 647 1651; x_wconf 85' lang='lat' dir='ltr'>editt.</span> <span class='ocrx_word' id='word_1_249' title='bbox 657 1612 705 1650; x_wconf 90' lang='lat' dir='ltr'>inde</span> <span class='ocrx_word' id='word_1_250' title='bbox 717 1613 788 1650; x_wconf 85' lang='lat' dir='ltr'>alun-</span> 
     </span>
     <span class='ocr_line' id='line_1_30' title="bbox 71 1660 350 1713; baseline 0.029 -17"><span class='ocrx_word' id='word_1_251' title='bbox 71 1660 116 1698; x_wconf 79' lang='lat' dir='ltr'>tina</span> <span class='ocrx_word' id='word_1_252' title='bbox 127 1661 199 1713; x_wconf 83' lang='lat' dir='ltr'>utique</span> <span class='ocrx_word' id='word_1_253' title='bbox 209 1669 237 1702; x_wconf 83' lang='lat' dir='ltr'>Et</span> <span class='ocrx_word' id='word_1_254' title='bbox 247 1663 350 1704; x_wconf 85' lang='lat' dir='ltr'>exhibent.</span> 
     </span>
    </p>

    <p class='ocr_par' dir='ltr' id='par_1_16' title="bbox 71 1714 788 2020">
     <span class='ocr_line' id='line_1_31' title="bbox 123 1714 788 1768; baseline -0.003 -14"><span class='ocrx_word' id='word_1_255' title='bbox 123 1715 180 1754; x_wconf 85' lang='lat'>1101.</span> <span class='ocrx_word' id='word_1_256' title='bbox 205 1715 294 1768; x_wconf 78' lang='lat' dir='ltr'>vapore]</span> <span class='ocrx_word' id='word_1_257' title='bbox 312 1714 369 1752; x_wconf 80' lang='lat' dir='ltr'>Bodl.</span> <span class='ocrx_word' id='word_1_258' title='bbox 384 1716 445 1754; x_wconf 85' lang='lat' dir='ltr'>Poor.</span> <span class='ocrx_word' id='word_1_259' title='bbox 461 1715 510 1757; x_wconf 82' lang='lat' dir='ltr'>Brit.</span> <span class='ocrx_word' id='word_1_260' title='bbox 526 1716 546 1757; x_wconf 70' lang='grc' dir='ltr'>Ξ.</span> <span class='ocrx_word' id='word_1_261' title='bbox 562 1716 581 1754; x_wconf 86' lang='lat'>3.</span> <span class='ocrx_word' id='word_1_262' title='bbox 601 1715 661 1752; x_wconf 85' lang='lat' dir='ltr'>Cant.</span> <span class='ocrx_word' id='word_1_263' title='bbox 679 1721 699 1752; x_wconf 92' lang='lat' dir='ltr'>et</span> <span class='ocrx_word' id='word_1_264' title='bbox 715 1727 788 1753; x_wconf 90' lang='lat' dir='ltr'>omnes</span> 
     </span>
     <span class='ocr_line' id='line_1_32' title="bbox 72 1762 788 1819; baseline 0.003 -18"><span class='ocrx_word' id='word_1_265' title='bbox 72 1762 129 1805; x_wconf 83' lang='lat' dir='ltr'>editt.</span> <span class='ocrx_word' id='word_1_266' title='bbox 145 1772 196 1803; x_wconf 85' lang='lat' dir='ltr'>vett.</span> <span class='ocrx_word' id='word_1_267' title='bbox 210 1773 294 1816; x_wconf 84' lang='lat' dir='ltr'>praeter</span> <span class='ocrx_word' id='word_1_268' title='bbox 306 1772 358 1805; x_wconf 89' lang='lat' dir='ltr'>qut.</span> <span class='ocrx_word' id='word_1_269' title='bbox 370 1773 390 1803; x_wconf 92' lang='lat' dir='ltr'>et</span> <span class='ocrx_word' id='word_1_270' title='bbox 400 1767 444 1805; x_wconf 84' lang='lat' dir='ltr'>Ald.</span> <span class='ocrx_word' id='word_1_271' title='bbox 456 1769 476 1814; x_wconf 76' lang='grc'>2.</span> <span class='ocrx_word' id='word_1_272' title='bbox 488 1782 594 1819; x_wconf 76' lang='lat' dir='ltr'>vaporem,</span> <span class='ocrx_word' id='word_1_273' title='bbox 609 1778 673 1817; x_wconf 87' lang='lat' dir='ltr'>quare</span> <span class='ocrx_word' id='word_1_274' title='bbox 684 1766 744 1806; x_wconf 83' lang='lat' dir='ltr'>Wak.</span> <span class='ocrx_word' id='word_1_275' title='bbox 754 1779 788 1804; x_wconf 90' lang='lat' dir='ltr'>su·</span> 
     </span>
     <span class='ocr_line' id='line_1_33' title="bbox 71 1815 787 1871; baseline 0.006 -19"><span class='ocrx_word' id='word_1_276' title='bbox 71 1815 170 1867; x_wconf 74' lang='lat' dir='ltr'>opinatur,</span> <span class='ocrx_word' id='word_1_277' title='bbox 181 1818 301 1855; x_wconf 85' lang='lat' dir='ltr'>Lucretium</span> <span class='ocrx_word' id='word_1_278' title='bbox 312 1817 417 1868; x_wconf 88' lang='lat' dir='ltr'>scripsisse</span> <span class='ocrx_word' id='word_1_279' title='bbox 422 1821 520 1871; x_wconf 76' lang='lat' dir='ltr'>flammae</span> <span class='ocrx_word' id='word_1_280' title='bbox 531 1820 600 1858; x_wconf 73' lang='lat' dir='ltr'>molire</span> <span class='ocrx_word' id='word_1_281' title='bbox 611 1820 735 1870; x_wconf 63' lang='lat' dir='ltr'>vaporem‚“</span> <span class='ocrx_word' id='word_1_282' title='bbox 748 1818 761 1855; x_wconf 95' lang='lat' dir='ltr'>i.</span> <span class='ocrx_word' id='word_1_283' title='bbox 768 1830 787 1856; x_wconf 87' lang='lat' dir='ltr'>e.</span> 
     </span>
     <span class='ocr_line' id='line_1_34' title="bbox 72 1868 787 1919; baseline 0.006 -16"><span class='ocrx_word' id='word_1_284' title='bbox 72 1868 157 1917; x_wconf 78' lang='lat' dir='ltr'>aggredi</span> <span class='ocrx_word' id='word_1_285' title='bbox 174 1875 195 1906; x_wconf 91' lang='lat' dir='ltr'>et</span> <span class='ocrx_word' id='word_1_286' title='bbox 209 1876 301 1907; x_wconf 77' lang='lat' dir='ltr'>tractare</span> <span class='ocrx_word' id='word_1_287' title='bbox 318 1882 417 1919; x_wconf 76' lang='lat' dir='ltr'>vaporem</span> <span class='ocrx_word' id='word_1_288' title='bbox 431 1870 530 1907; x_wconf 79' lang='lat' dir='ltr'>flammae</span> <span class='ocrx_word' id='word_1_289' title='bbox 547 1870 573 1906; x_wconf 81' lang='lat' dir='ltr'>ad</span> <span class='ocrx_word' id='word_1_290' title='bbox 588 1869 642 1906; x_wconf 83' lang='lat' dir='ltr'>banc</span> <span class='ocrx_word' id='word_1_291' title='bbox 658 1869 725 1918; x_wconf 84' lang='lat' dir='ltr'>ipsam</span> <span class='ocrx_word' id='word_1_292' title='bbox 741 1881 787 1907; x_wconf 87' lang='lat' dir='ltr'>rem</span> 
     </span>
     <span class='ocr_line' id='line_1_35' title="bbox 71 1916 787 1972; baseline 0.006 -18"><span class='ocrx_word' id='word_1_293' title='bbox 71 1919 230 1972; x_wconf 81' lang='lat' dir='ltr'>perficiendam,</span> <span class='ocrx_word' id='word_1_294' title='bbox 246 1922 272 1959; x_wconf 83' lang='lat' dir='ltr'>ad</span> <span class='ocrx_word' id='word_1_295' title='bbox 285 1922 341 1959; x_wconf 87' lang='lat' dir='ltr'>cibos</span> <span class='ocrx_word' id='word_1_296' title='bbox 354 1916 475 1972; x_wconf 59' lang='lat' dir='ltr'>coduendos</span> <span class='ocrx_word' id='word_1_297' title='bbox 485 1922 576 1967; x_wconf 88' lang='lat' dir='ltr'>scilicet;</span> <span class='ocrx_word' id='word_1_298' title='bbox 585 1922 597 1942; x_wconf 72' lang='lat'>‘⁶</span> <span class='ocrx_word' id='word_1_299' title='bbox 612 1920 669 1971; x_wconf 75' lang='lat' dir='ltr'>quod</span> <span class='ocrx_word' id='word_1_300' title='bbox 680 1924 743 1958; x_wconf 89' lang='lat' dir='ltr'>nemo</span> <span class='ocrx_word' id='word_1_301' title='bbox 755 1921 787 1958; x_wconf 86' lang='lat' dir='ltr'>fa·</span> 
     </span>
     <span class='ocr_line' id='line_1_36' title="bbox 71 1969 229 2020; baseline 0.038 -14"><span class='ocrx_word' id='word_1_302' title='bbox 71 1969 111 2007; x_wconf 88' lang='lat' dir='ltr'>cile</span> <span class='ocrx_word' id='word_1_303' title='bbox 123 1972 229 2020; x_wconf 81' lang='lat' dir='ltr'>probabit.</span> 
     </span>
    </p>

    <p class='ocr_par' dir='ltr' id='par_1_17' title="bbox 44 2022 788 2178">
     <span class='ocr_line' id='line_1_37' title="bbox 123 2022 788 2075; baseline 0 -15"><span class='ocrx_word' id='word_1_304' title='bbox 123 2022 180 2062; x_wconf 72' lang='lat'>1104.</span> <span class='ocrx_word' id='word_1_305' title='bbox 206 2024 315 2075; x_wconf 77' lang='lat' dir='ltr'>inuictum]</span> <span class='ocrx_word' id='word_1_306' title='bbox 330 2025 360 2062; x_wconf 90' lang='lat' dir='ltr'>sic</span> <span class='ocrx_word' id='word_1_307' title='bbox 375 2024 503 2062; x_wconf 88' lang='lat' dir='ltr'>coniunctim</span> <span class='ocrx_word' id='word_1_308' title='bbox 520 2023 572 2061; x_wconf 83' lang='lat' dir='ltr'>Brix.</span> <span class='ocrx_word' id='word_1_309' title='bbox 591 2025 639 2061; x_wconf 79' lang='lat' dir='ltr'>Ver.</span> <span class='ocrx_word' id='word_1_310' title='bbox 656 2024 706 2060; x_wconf 87' lang='lat' dir='ltr'>Ven.</span> <span class='ocrx_word' id='word_1_311' title='bbox 719 2022 788 2061; x_wconf 78' lang='lat' dir='ltr'>etalii</span> 
     </span>
     <span class='ocr_line' id='line_1_38' title="bbox 44 2070 788 2128; baseline 0 -16"><span class='ocrx_word' id='word_1_312' title='bbox 44 2109 46 2112; x_wconf 80' lang='grc'>,</span> <span class='ocrx_word' id='word_1_313' title='bbox 70 2070 159 2111; x_wconf 82' lang='lat' dir='ltr'>fortasse</span> <span class='ocrx_word' id='word_1_314' title='bbox 173 2075 235 2125; x_wconf 85' lang='lat' dir='ltr'>libri,</span> <span class='ocrx_word' id='word_1_315' title='bbox 251 2077 307 2128; x_wconf 80' lang='lat' dir='ltr'>quod</span> <span class='ocrx_word' id='word_1_316' title='bbox 321 2076 449 2126; x_wconf 87' lang='lat' dir='ltr'>recepimus,</span> <span class='ocrx_word' id='word_1_317' title='bbox 469 2076 495 2113; x_wconf 80' lang='lat' dir='ltr'>ab</span> <span class='ocrx_word' id='word_1_318' title='bbox 512 2075 583 2113; x_wconf 86' lang='lat' dir='ltr'>Orellii</span> <span class='ocrx_word' id='word_1_319' title='bbox 599 2077 688 2112; x_wconf 88' lang='lat' dir='ltr'>Censore</span> <span class='ocrx_word' id='word_1_320' title='bbox 705 2074 788 2112; x_wconf 86' lang='lat' dir='ltr'>lenensi</span> 
     </span>
     <span class='ocr_line' id='line_1_39' title="bbox 48 2124 787 2178; baseline 0.003 -17"><span class='ocrx_word' id='word_1_321' title='bbox 48 2140 49 2143; x_wconf 45' lang='lat'>¹</span> <span class='ocrx_word' id='word_1_322' title='bbox 71 2124 183 2174; x_wconf 80' lang='lat' dir='ltr'>admoniti,</span> <span class='ocrx_word' id='word_1_323' title='bbox 198 2129 235 2178; x_wconf 87' lang='lat' dir='ltr'>qni</span> <span class='ocrx_word' id='word_1_324' title='bbox 250 2142 326 2167; x_wconf 79' lang='lat' dir='ltr'>uocem</span> <span class='ocrx_word' id='word_1_325' title='bbox 342 2131 443 2175; x_wconf 72' lang='lat' dir='ltr'>inuictus,</span> <span class='ocrx_word' id='word_1_326' title='bbox 457 2127 507 2164; x_wconf 88' lang='lat' dir='ltr'>licet</span> <span class='ocrx_word' id='word_1_327' title='bbox 518 2125 574 2175; x_wconf 74' lang='grc' dir='ltr'>ἅπαξ</span> <span class='ocrx_word' id='word_1_328' title='bbox 584 2125 693 2176; x_wconf 67' lang='grc' dir='ltr'><em>λεγόμενον</em></span> <span class='ocrx_word' id='word_1_329' title='bbox 703 2127 740 2171; x_wconf 75' lang='lat' dir='ltr'>sit,</span> <span class='ocrx_word' id='word_1_330' title='bbox 754 2126 787 2163; x_wconf 90' lang='lat' dir='ltr'>in-</span> 
     </span>
    </p>

    <p class='ocr_par' dir='ltr' id='par_1_18' title="bbox 69 2175 787 2541">
     <span class='ocr_line' id='line_1_40' title="bbox 70 2175 787 2230; baseline 0.004 -19"><span class='ocrx_word' id='word_1_331' title='bbox 70 2180 208 2226; x_wconf 81' lang='lat' dir='ltr'>terpretatur:</span> <span class='ocrx_word' id='word_1_332' title='bbox 221 2180 294 2230; x_wconf 88' lang='lat' dir='ltr'>victus,</span> <span class='ocrx_word' id='word_1_333' title='bbox 306 2180 341 2230; x_wconf 85' lang='lat' dir='ltr'>qui</span> <span class='ocrx_word' id='word_1_334' title='bbox 350 2179 434 2230; x_wconf 89' lang='lat' dir='ltr'>proprie</span> <span class='ocrx_word' id='word_1_335' title='bbox 445 2178 510 2216; x_wconf 89' lang='lat' dir='ltr'>victus</span> <span class='ocrx_word' id='word_1_336' title='bbox 522 2178 563 2216; x_wconf 88' lang='lat' dir='ltr'>dici</span> <span class='ocrx_word' id='word_1_337' title='bbox 573 2178 653 2228; x_wconf 85' lang='lat' dir='ltr'>nequit,</span> <span class='ocrx_word' id='word_1_338' title='bbox 664 2180 710 2227; x_wconf 78' lang='grc' dir='ltr'><em>βίος</em></span> <span class='ocrx_word' id='word_1_339' title='bbox 720 2175 787 2229; x_wconf 60' lang='lat' dir='ltr'>detor,</span> 
     </span>
     <span class='ocr_line' id='line_1_41' title="bbox 71 2229 787 2281; baseline 0.004 -18"><span class='ocrx_word' id='word_1_340' title='bbox 71 2232 92 2263; x_wconf 88' lang='lat' dir='ltr'>et</span> <span class='ocrx_word' id='word_1_341' title='bbox 109 2238 217 2279; x_wconf 84' lang='lat' dir='ltr'>comparat</span> <span class='ocrx_word' id='word_1_342' title='bbox 235 2245 284 2270; x_wconf 89' lang='lat' dir='ltr'>cum</span> <span class='ocrx_word' id='word_1_343' title='bbox 301 2234 400 2279; x_wconf 76' lang='lat' dir='ltr'>incultus,</span> <span class='ocrx_word' id='word_1_344' title='bbox 424 2243 465 2281; x_wconf 88' lang='lat' dir='ltr'>quo</span> <span class='ocrx_word' id='word_1_345' title='bbox 482 2230 588 2267; x_wconf 82' lang='lat' dir='ltr'>Sallustius</span> <span class='ocrx_word' id='word_1_346' title='bbox 606 2229 685 2279; x_wconf 89' lang='lat' dir='ltr'>primus</span> <span class='ocrx_word' id='word_1_347' title='bbox 699 2243 747 2268; x_wconf 89' lang='lat' dir='ltr'>usus</span> <span class='ocrx_word' id='word_1_348' title='bbox 760 2230 787 2267; x_wconf 87' lang='lat' dir='ltr'>sit</span> 
     </span>
     <span class='ocr_line' id='line_1_42' title="bbox 71 2279 784 2332; baseline 0.004 -18"><span class='ocrx_word' id='word_1_349' title='bbox 71 2279 126 2323; x_wconf 76' lang='lat' dir='ltr'>(eat.</span> <span class='ocrx_word' id='word_1_350' title='bbox 134 2282 167 2321; x_wconf 83' lang='lat'>55.</span> <span class='ocrx_word' id='word_1_351' title='bbox 179 2284 224 2332; x_wconf 85' lang='lat' dir='ltr'>Iug.</span> <span class='ocrx_word' id='word_1_352' title='bbox 233 2285 273 2332; x_wconf 67' lang='lat'>2).</span> <span class='ocrx_word' id='word_1_353' title='bbox 292 2283 352 2323; x_wconf 88' lang='lat' dir='ltr'>Viud.</span> <span class='ocrx_word' id='word_1_354' title='bbox 363 2283 412 2321; x_wconf 81' lang='lat' dir='ltr'>brit.</span> <span class='ocrx_word' id='word_1_355' title='bbox 422 2284 441 2321; x_wconf 83' lang='lat'>3.</span> <span class='ocrx_word' id='word_1_356' title='bbox 455 2282 500 2319; x_wconf 79' lang='lat' dir='ltr'>nld.</span> <span class='ocrx_word' id='word_1_357' title='bbox 511 2283 531 2321; x_wconf 77' lang='lat'>2.</span> <span class='ocrx_word' id='word_1_358' title='bbox 543 2284 566 2321; x_wconf 79' lang='lat' dir='ltr'>bi</span> <span class='ocrx_word' id='word_1_359' title='bbox 577 2284 663 2332; x_wconf 72' lang='lat' dir='ltr'>victrtm,</span> <span class='ocrx_word' id='word_1_360' title='bbox 679 2293 731 2332; x_wconf 85' lang='lat' dir='ltr'>quae</span> <span class='ocrx_word' id='word_1_361' title='bbox 739 2281 784 2319; x_wconf 78' lang='lat' dir='ltr'>vul-</span> 
     </span>
     <span class='ocr_line' id='line_1_43' title="bbox 70 2330 786 2383; baseline 0.001 -17"><span class='ocrx_word' id='word_1_362' title='bbox 70 2331 125 2379; x_wconf 84' lang='lat' dir='ltr'>garis</span> <span class='ocrx_word' id='word_1_363' title='bbox 142 2333 205 2371; x_wconf 87' lang='lat' dir='ltr'>lectio</span> <span class='ocrx_word' id='word_1_364' title='bbox 221 2335 292 2383; x_wconf 77' lang='lat' dir='ltr'>facta,</span> <span class='ocrx_word' id='word_1_365' title='bbox 306 2335 351 2374; x_wconf 74' lang='grc' dir='ltr'>ΑΜ.</span> <span class='ocrx_word' id='word_1_366' title='bbox 364 2337 381 2374; x_wconf 92' lang='grc'>1.</span> <span class='ocrx_word' id='word_1_367' title='bbox 395 2337 444 2373; x_wconf 84' lang='lat' dir='ltr'>Bon.</span> <span class='ocrx_word' id='word_1_368' title='bbox 459 2336 513 2370; x_wconf 85' lang='lat' dir='ltr'>Iunt.</span> <span class='ocrx_word' id='word_1_369' title='bbox 526 2344 546 2371; x_wconf 80' lang='lat' dir='ltr'>et</span> <span class='ocrx_word' id='word_1_370' title='bbox 558 2336 646 2381; x_wconf 78' lang='lat' dir='ltr'>victum,</span> <span class='ocrx_word' id='word_1_371' title='bbox 661 2333 725 2371; x_wconf 89' lang='lat' dir='ltr'>ceteri</span> <span class='ocrx_word' id='word_1_372' title='bbox 736 2330 786 2369; x_wconf 85' lang='lat' dir='ltr'>libri</span> 
     </span>
     <span class='ocr_line' id='line_1_44' title="bbox 70 2384 784 2434; baseline 0.001 -16"><span class='ocrx_word' id='word_1_373' title='bbox 70 2385 92 2418; x_wconf 82' lang='lat' dir='ltr'>iu</span> <span class='ocrx_word' id='word_1_374' title='bbox 103 2387 191 2433; x_wconf 75' lang='lat' dir='ltr'>victum,</span> <span class='ocrx_word' id='word_1_375' title='bbox 206 2392 229 2423; x_wconf 85' lang='lat' dir='ltr'>ut</span> <span class='ocrx_word' id='word_1_376' title='bbox 240 2387 351 2424; x_wconf 88' lang='lat' dir='ltr'>ediderunt</span> <span class='ocrx_word' id='word_1_377' title='bbox 360 2388 410 2424; x_wconf 84' lang='lat' dir='ltr'>Hav.</span> <span class='ocrx_word' id='word_1_378' title='bbox 421 2385 482 2424; x_wconf 72' lang='lat' dir='ltr'>Wak.</span> <span class='ocrx_word' id='word_1_379' title='bbox 492 2384 568 2426; x_wconf 86' lang='lat' dir='ltr'>Eichst.</span> <span class='ocrx_word' id='word_1_380' title='bbox 594 2387 619 2422; x_wconf 91' lang='lat' dir='ltr'>Et</span> <span class='ocrx_word' id='word_1_381' title='bbox 628 2385 688 2424; x_wconf 74' lang='lat' dir='ltr'>Walt.</span> <span class='ocrx_word' id='word_1_382' title='bbox 699 2384 784 2434; x_wconf 81' lang='lat' dir='ltr'>quidem</span> 
     </span>
     <span class='ocr_line' id='line_1_45' title="bbox 69 2431 785 2486; baseline 0.007 -16"><span class='ocrx_word' id='word_1_383' title='bbox 69 2431 121 2471; x_wconf 83' lang='lat' dir='ltr'>haec</span> <span class='ocrx_word' id='word_1_384' title='bbox 136 2436 256 2486; x_wconf 77' lang='lat' dir='ltr'>adscripsit,</span> <span class='ocrx_word' id='word_1_385' title='bbox 271 2439 319 2475; x_wconf 86' lang='lat' dir='ltr'>satis</span> <span class='ocrx_word' id='word_1_386' title='bbox 333 2438 398 2476; x_wconf 87' lang='lat' dir='ltr'>mira:</span> <span class='ocrx_word' id='word_1_387' title='bbox 416 2442 564 2486; x_wconf 73' lang='lat' dir='ltr'>„Commetare</span> <span class='ocrx_word' id='word_1_388' title='bbox 578 2440 600 2476; x_wconf 83' lang='lat' dir='ltr'>in</span> <span class='ocrx_word' id='word_1_389' title='bbox 613 2440 689 2476; x_wconf 79' lang='lat' dir='ltr'>victum</span> <span class='ocrx_word' id='word_1_390' title='bbox 705 2435 785 2471; x_wconf 75' lang='lat' dir='ltr'>dictum</span> 
     </span>
     <span class='ocr_line' id='line_1_46' title="bbox 71 2488 785 2541; baseline 0.006 -20"><span class='ocrx_word' id='word_1_391' title='bbox 71 2490 112 2534; x_wconf 84' lang='lat' dir='ltr'>est,</span> <span class='ocrx_word' id='word_1_392' title='bbox 132 2489 227 2539; x_wconf 72' lang='lat' dir='ltr'>exemplo</span> <span class='ocrx_word' id='word_1_393' title='bbox 241 2489 353 2529; x_wconf 87' lang='lat' dir='ltr'>locutionis</span> <span class='ocrx_word' id='word_1_394' title='bbox 367 2501 470 2541; x_wconf 83' lang='lat' dir='ltr'>perquam</span> <span class='ocrx_word' id='word_1_395' title='bbox 486 2488 586 2538; x_wconf 86' lang='lat' dir='ltr'>notabili,</span> <span class='ocrx_word' id='word_1_396' title='bbox 604 2501 643 2539; x_wconf 84' lang='lat' dir='ltr'>pro</span> <span class='ocrx_word' id='word_1_397' title='bbox 664 2497 785 2527; x_wconf 81' lang='lat' dir='ltr'>commutare</span> 
     </span>
    </p>
   </div>
   <div class='ocr_carea' id='block_1_10' title="bbox 0 0 850 2654">
    <p class='ocr_par' dir='ltr' id='par_1_19' title="bbox 0 0 850 2654">
     <span class='ocr_line' id='line_1_47' title="bbox 0 0 850 2654; baseline 0 1"><span class='ocrx_word' id='word_1_398' title='bbox 0 0 850 2654; x_wconf 95' lang='lat' dir='ltr'> </span> 
     </span>
    </p>
   </div>
  </div>
 </body>
</html>
