1690 2654
219 132 260 172 ΑΒ
277 130 413 171 ttuttutt
429 131 597 183 QUINTUM.
722 128 769 173 4}ss

105 239 149 280 978.
176 239 235 288 Nec]
249 239 309 278 Vind.
326 240 376 280 Brit.
388 242 407 280 2.
420 241 439 280 3.
456 241 503 278 Ver.
520 242 572 278 Ven.
587 240 687 289 (fortasse
704 239 768 278 etiam

52 290 118 340 urin,
132 303 182 338 nam
197 292 283 329 Gerard.
300 292 384 330 omnino
400 298 457 329 tacet
472 291 529 329 hanc
538 292 673 342 varietatem)
682 294 726 332 'Na
741 314 768 321 -

53 343 162 395 diffidere]
176 343 228 380 Brix.
239 344 347 396 dessidere,
362 345 408 383 Ver.
420 346 471 384 Ven.
482 347 507 382 (le
517 347 588 383 nidere.

104 396 149 434 980.
176 410 247 442 curae,
262 397 328 446 quod]
346 397 392 434 Ver.
404 397 455 433 Ven.
465 411 575 448 curaeque,
589 394 660 436 illut.
672 398 721 436 Bon.
733 412 767 435 cu-

52 460 88 485 rae
99 461 161 499 quae,
175 457 239 496 quare
250 446 310 487 Wak.
325 447 442 497 suspicatur
453 449 513 487 curae
520 474 526 496 ‚
539 452 599 501 qma,-
612 448 649 485 sed
659 448 767 500 vulgatam

51 510 94 535 uon
105 495 260 534 sollicitandam
271 497 332 537 duco.
407 535 408 538 ,

103 548 148 587 983.
159 598 163 606 ἡ
174 552 290 601 spumigeri
304 555 362 586 recte
378 549 439 588 Wak.
454 562 478 587 ex
489 550 585 588 omnihus
594 550 653 588 libris
665 551 766 596 restituit;

52 598 114 649 vulgo
131 610 186 637 euim
201 604 291 653 Setigeri
308 600 389 648 editur3
402 608 427 639 ut
442 616 460 641 v.
471 604 528 652 968.,
542 602 578 640 sed
592 602 651 640 lihn's
668 603 767 640 universis

51 651 220 692 reclamantibus.
793 665 797 668 ’

103 704 147 742 987.
174 705 268 743 lamentis
279 703 342 741 lectio
354 710 384 741 est
394 704 487 742 omnium
496 705 612 752 librorum,
626 718 638 744 a
648 705 708 743 Walr'.
721 705 767 743 iure

51 753 72 791 in
83 759 202 792 contextum
212 762 319 803 revocata,
334 756 370 807 qui
379 763 437 794 recte
447 763 541 806 annotat,
555 757 627 805 „salse
636 757 702 794 rideri
710 769 767 794 mor-

51 805 124 843 talium
135 805 252 856 ignaviam‚
267 807 339 845 mortis
350 808 460 846 timoribus
472 809 658 858 discruciatorum‚
672 816 693 847 et
702 809 767 846 mise-

51 857 88 895 ras
94 858 146 895 vitas
157 858 212 895 inter
223 858 321 910 lugubres
330 859 424 909 ploratus
433 860 596 911 relinquentium
603 892 608 907 ‚
615 862 627 880 “
642 867 662 897 et
674 859 768 898 conferri

51 909 109 947 iubet
118 909 158 958 Ill,
167 908 212 950 946.
225 916 245 947 et
254 911 299 951 965.
326 912 393 964 Vulgo
405 914 502 961 labentis,
518 924 529 950 e
541 912 616 950 lllureti
626 912 754 949 coniectura.

103 963 148 1001 988.
176 963 292 1014 deprensus]
303 964 350 1001 Ver.
360 966 410 1003 Van.
420 967 525 1016 deponent,
537 966 598 1002 Poor.
609 964 660 1002 Brit.
666 966 685 1004 2.
694 964 739 1005 Ald.
747 967 766 1003 1.

51 1014 100 1051 Bon.
111 1016 255 1065 deprehensus,
270 1014 400 1053 Wakefieldo
414 1029 456 1053 non
469 1016 609 1066 improbante.

103 1067 148 1105 991.
175 1065 269 1104 Editores
279 1079 328 1105 cum
339 1067 379 1105 hoc
389 1080 450 1105 versu
460 1075 582 1118 comparant
592 1067 681 1105 Ennium
690 1081 710 1117 p*
721 1065 766 1107 itt.

51 1117 128 1157 Hessel.
144 1117 195 1164 (ubi
209 1118 250 1157 vid.
261 1118 373 1157 Columnae
388 1119 547 1168 annotationes]
560 1119 690 1157 Eustatliium
701 1119 727 1156 ad
741 1120 766 1157 ll.

51 1182 71 1219 p.
81 1166 127 1217 554,
138 1166 170 1208 40.
184 1170 215 1207 ed.
226 1173 269 1211 Bas.
284 1172 402 1221 Longinum
413 1173 451 1210 ΙΙΙ,
462 1185 481 1221 p.
492 1166 511 1211 9.
521 1173 587 1222 Toup.
601 1175 684 1209 Sueton.
696 1174 766 1211 Octav.

51 1222 82 1262 13.
96 1220 174 1271 Apulei.
184 1223 233 1260 Met.
245 1224 268 1260 V.
282 1236 303 1272 p.
314 1224 359 1263 354.
374 1223 425 1262 Oud.
437 1223 537 1274 aliosque.

103 1274 148 1313 993.
175 1274 247 1326 super]
262 1276 312 1313 Brit.
322 1277 341 1315 2.
353 1277 372 1315 3.
388 1277 446 1313 Cant.
459 1291 529 1327 snpra.
557 1276 654 1312 Ceterum
664 1272 699 1310 hic
714 1286 766 1324 quo-

48 1337 91 1375 que
102 1337 179 1372 versus,
194 1326 229 1376 qui
236 1332 271 1363 est
283 1339 306 1363 ex
317 1327 388 1377 paucis
398 1327 439 1378 illis
449 1327 507 1374 locis,
521 1325 557 1363 ubi
565 1326 625 1364 Walt.
635 1325 732 1362 Iuntinae
741 1326 764 1372 *)

50 1376 151 1415 lectiones
169 1375 242 1425 affert,
258 1378 467 1426 demonstrantium
482 1378 549 1416 virum
567 1391 609 1415 non
624 1389 707 1427 semper
716 1377 765 1415 satis

51 1436 148 1467 accurate
165 1436 270 1468 versatum
287 1443 330 1469 esse
345 1430 437 1469 inlibris
453 1430 542 1480 antiquis
554 1429 691 1470 conferendis.
718 1430 765 1467 Non

51 1480 107 1519 enim
121 1481 176 1519 inter
192 1495 246 1520 varr.
259 1482 316 1520 lectt.
329 1489 411 1527 tantum
423 1482 476 1521 calci
487 1482 589 1531 adiectas,
602 1486 626 1519 nt
634 1481 694 1519 Walt.
706 1481 763 1531 dicit,

50 1533 98 1579 sed,
111 1540 136 1572 ut
152 1534 202 1572 Brit.
213 1536 232 1572 2.
243 1535 262 1574 3.
281 1536 341 1575 Cant.
354 1536 399 1574 Ald.
413 1537 430 1575 1.
444 1537 463 1575 2.
477 1537 538 1582 Rom,
552 1534 575 1571 in
590 1539 687 1572 contextu
700 1533 765 1571 hahet

51 1585 152 1634 optimam
163 1592 183 1622 et
193 1586 258 1624 unice.
266 1599 338 1625 veram
349 1588 477 1637 scripturam
493 1588 571 1633 ulcero,
586 1585 620 1623 cui
631 1585 706 1636 reliqui
715 1585 765 1623 libri

50 1640 129 1675 viscera
142 1638 280 1685 substituunt3
295 1652 358 1689 quam
370 1653 418 1677 vero
429 1640 450 1676 iu
461 1639 562 1677 contextis
572 1637 673 1675 invenisse
685 1637 724 1674 sibi
735 1638 765 1675 vi-

51 1700 83 1724 sus
95 1695 125 1726 est
135 1689 167 1725 vir
177 1689 250 1727 doctus
263 1692 299 1729 sub
308 1694 384 1731 viscere
398 1692 419 1742 (a
430 1692 490 1729 Poor⁴
502 1702 585 1742 quoque
597 1689 764 1739 suppeditatum,

50 1738 104 1778 hanc
115 1752 141 1782 ne
151 1741 173 1777 in
184 1741 246 1779 variis
256 1742 409 1793 quidem'lectt.
420 1744 490 1791 affert,
505 1743 540 1779 ubi
552 1741 687 1793 potius-clare
698 1748 720 1779 et
735 1741 765 1778 di-

51 1790 126 1882 εῐὶηοὶὲ
137 1792 237 1843 scriptum
254 1800 285 1832 est
299 1797 334 1834 sub
349 1791 440 1845 viscera,
455 1794 511 1847 quod
521 1800 593 1833 tamen
605 1792 710 1831 Candidus
722 1794 765 1845 ipse

51 1854 111 1893 repro
129 1845 174 1890 avit.
274 1847 277 1852 ”
342 1884 344 1886 ,

102 1897 146 1936 995.
174 1897 278 1949 Denique]
291 1897 321 1935 sic
333 1897 393 1938 Walr.
404 1898 494 1936 restituit
504 1910 527 1935 ex
537 1897 632 1935 omnibus
641 1896 686 1933 fere
695 1895 764 1944 libris3

52 1945 107 1984 solae
119 1947 176 1985 editt.
190 1951 241 1988 lunt.
253 1950 299 1989 Ald.
310 1951 329 1988 2.
346 1955 426 1994 Donec;
440 1950 535 2001 vulgares
547 1956 619 1987 tamen
632 1947 689 1987 editt.
700 1952 765 1987 Doni-

53 2013 106 2047 cum,
122 2012 147 2037 ex
163 2000 267 2039 editorum
281 2001 375 2040 arbitrio.
389 2023 415 2031 -
425 2001 548 2055 privarunt]
562 2001 598 2040 hic
614 2000 721 2052 vulgatam
731 2000 765 2038 le-

54 2093 205 2106 Q*-

77 2149 100 2199 *)
127 2150 258 2191 Florentinae
272 2139 329 2193 enim
345 2155 429 2193 nomine
446 2155 481 2194 hic
493 2169 535 2194 non
548 2169 593 2194 eam
605 2153 765 2206 intelligendam

103 2214 157 2251 esse,
173 2217 226 2254 quae
240 2206 358 2245 Florentiae
371 2220 388 2245 a.
399 2207 456 2257 1647.
471 2221 520 2246 cum
530 2208 584 2245 notis
596 2206 668 2245 Nardii
678 2207 764 2256 prodiit,

103 2266 127 2291 ex
142 2266 166 2291 eo
182 2268 283 2307 apparere
298 2266 360 2308 puto,
375 2261 431 2309 quod
443 2261 545 2298 seriorem
556 2260 611 2297 hanc
622 2258 764 2296 Florentinam

103 2305 182 2343 duobus
197 2315 280 2347 tantum
294 2311 327 2347 vel
342 2310 407 2348 tribus
419 2311 470 2349 locis
482 2312 553 2358 affert,
569 2323 635 2357 anno,
650 2323 690 2361 quo
701 2311 722 2347 in
732 2310 764 2346 lu-

102 2369 149 2394 cem
166 2359 240 2398 etnissa
256 2368 299 2407 est,
314 2362 426 2412 adscripto.
454 2364 473 2400 Si
484 2377 533 2401 vero
544 2362 667 2414 simpliciter
679 2362 763 2399 Floren-

102 2408 168 2446 tinam
183 2410 264 2458 laudat,
279 2413 333 2452 lianc
348 2414 453 2452 luntinatn
471 2428 527 2465 esse,
541 2427 552 2452 e
567 2415 722 2464 comparatione
732 2412 763 2448 le-

102 2459 196 2560 catonum
206 2463 331 2504 intellexisse
342 2466 395 2504 milri
404 2467 481 2509 videor.
508 2470 516 2518 (
522 2467 568 2508 Vid.
579 2469 641 2505 etiam
654 2466 761 2514 Conspect.

102 2522 112 2547 e
128 2525 135 2549 1
155 2541 160 2551 .
