1690 2654
219 91 261 131 Au
277 87 413 129 LIBRUM
430 87 610 140 Quintum
730 88 777 133 391

55 199 156 240 Priscian.
164 200 201 249 IX,
212 201 231 242 9.
244 203 261 252 ᾗ,
272 200 304 240 50.
319 201 353 251 (p.
364 201 422 250 870.)
437 198 548 237 Diomedes
561 214 581 251 p.
593 199 669 240 3631,
686 205 707 238 et
721 199 778 237 Rud-

56 252 106 290 dim.
119 254 170 289 Inst.
183 255 218 290 Gr.
227 257 241 291 Ι.
252 254 325 303 Ρ,221.
336 256 405 293 notAE.
419 252 486 288 Codd.
498 252 599 290 lectiones
613 253 643 289 sic
654 265 675 290 se
686 252 777 289 habent:

55 304 122 355 Lugd.
137 305 154 343 1.
166 304 216 341 Brit.
229 308 245 344 1.
257 308 278 343 m'
290 307 374 350 malicie,
388 311 412 341 ut
423 306 474 342 Hav.
485 303 561 350 edidit,
575 304 696 341 Turnehum
707 316 777 340 suaso·

55 368 101 393 rem
112 362 222 405 sequutum
236 356 332 394 Lambini
343 356 406 394 Godd.
416 354 483 405 Lngd.
492 356 512 393 2.
526 354 586 392 Vind.
598 355 645 394 Erit.
654 358 673 395 2.
684 358 703 397 3,
717 358 776 400 Cant.

55 410 77 446 υἱ
92 409 173 454 mulcit,
187 409 239 446 Brin.
256 412 303 446 Ver.
318 409 369 447 Ven.
382 408 489 449 inmulcit,
503 406 577 443 iisdem
586 406 696 446 literarum
708 407 777 445 ducti-

55 459 107 506 bus;
127 461 186 494 Poor.
203 463 225 497 vi
240 462 323 505 mulcet,
344 460 402 496 Bodl.
416 460 520 505 immulsit,
537 458 640 498 1111112.
657 463 704 498 Bon.
718 461 776 496 lunt.

54 512 125 550 mulsit
141 509 270 559 simpliciter.
297 510 364 561 Vulgo
375 510 452 548 ⁴editur
470 508 550 557 (semen
561 512 634 557 uirile)
651 515 706 549 Fem.
720 527 776 550 com-

55 564 135 610 moli-ir,
146 573 156 599 e
169 562 266 600 Lambini
277 561 338 610 coni„
354 562 389 612 qui
399 560 461 599 simui
471 559 534 598 aliam
544 562 654 611 proposuit
664 563 776 600 divinatio-

55 625 104 651 nem
119 615 198 661 (semen
207 617 279 664 virile)
293 617 384 653 Feminei
394 615 466 652 mulxit
478 614 544 651 subito
559 615 598 652 uis.
615 614 700 654 Salmas.
717 616 775 664 epist.

55 663 87 703 21.
99 666 206 715 ingeniose
218 667 314 717 quidem,
328 666 365 703 sed
379 673 464 716 praeter
478 666 623 702 necessitatem
637 667 692 704 coni.
708 688 733 694 -
749 687 776 694 -

54 720 139 764 semiue,
152 717 210 767 forte
225 720 293 757 virilis
306 721 390 757 Femina
401 718 503 758 vimvicit
514 723 565 767 eto,
581 731 655 769 quam,
669 719 692 757 in
707 718 775 757 verbis

55 775 112 807 certe
123 771 164 809 'vim
176 773 236 818 vicit,
247 769 307 810 Wak.
318 776 417 821 sequutus
429 775 466 808 est.

107 836 151 871 Vss.
163 836 220 874 1208.
233 840 254 872 et
264 836 322 874 1209.
345 848 356 872 a
367 835 448 884 Nonio,
460 834 553 873 sormam
563 842 660 874 neutram
671 838 730 876 vulto
741 848 775 874 en·

56 887 128 937 empiis
145 884 321 937 comprohatum,
336 890 370 935 111,
378 891 427 928 206.
442 889 471 925 ita
484 888 607 937 laudantur,
623 896 646 925 ut
657 902 695 937 pro
706 891 775 941 patrio

55 961 81 967 —
91 942 154 991 putri,
166 952 204 988 pro
217 955 266 992 quos
275 952 324 976 vero
336 944 389 991 quod
400 941 488 989 legatur.
505 961 532 968 -
547 941 632 990 iuxtim]
646 941 702 978 ssodi.
715 943 775 979 Poor.

53 991 103 1031 Brit.
111 993 128 1030 1.
140 992 305 1030 Brix.Ver.Ven.
313 992 409 1033 Α1[1.1.2.
420 995 468 1029 Bon.
480 997 501 1029 et
513 993 569 1032 Cant.
580 1005 619 1042 pro
633 992 691 1029 varia
701 992 776 1029 iectio-

54 1054 81 1079 ne
99 1045 179 1082 mixtim
194 1043 227 1080 vel
247 1046 335 1091 mistim,
352 1044 405 1081 Brit.
418 1045 437 1083 2.
453 1046 489 1082 vix
500 1055 548 1083 tum.
562 1067 588 1073 -
602 1046 672 1090 volta]
689 1045 775 1088 Nonius,

31 1118 34 1121 ,
53 1096 113 1132 Poor.
125 1095 173 1133 Brit.
184 1096 201 1134 3.
213 1096 265 1135 Brix.
276 1095 332 1133 Iunt.
344 1095 389 1136 Atd.
399 1097 419 1135 2.
431 1097 501 1146 vulta,
516 1097 567 1136 Brit.
578 1097 597 1135 1.
611 1097 659 1135 Ver.
669 1095 775 1138 Venrild.

55 1148 73 1186 1.
85 1150 135 1184 Bon.
147 1149 218 1185 multa.

107 1199 164 1237 1210.
193 1215 248 1247 „aot
263 1198 294 1236 ita
310 1198 362 1240 Brit.
373 1202 404 1248 2.,
423 1205 444 1236 et
462 1198 546 1237 deamat
558 1200 613 1238 hene
623 1199 721 1238 voculam
731 1200 775 1237 Lu-

55 1250 143 1296 cretius,
157 1249 247 1302 ideoque
258 1253 334 1303 poetae
345 1254 468 1291 restitutam
476 1251 540 1289 volui.
563 1252 631 1303 Vuigo
642 1254 689 1291 er.“
704 1254 774 1290 [Volo.

107 1316 164 1354 1213.
191 1332 273 1369 „neque
286 1328 364 1356 utrum:
384 1317 398 1355 i.
414 1329 432 1355 e.
451 1312 501 1355 ου’ὃὲ·
514 1315 597 1367 ἕτερον,
613 1323 724 1365 neutrum3
740 1328 775 1353 ex-

54 1367 123 1418 emplo
135 1366 222 1408 rariore.
230 1372 241 1388 ‘²
258 1371 306 1408 IVo
312 1372 331 1407 l'r.

106 1420 163 1458 1216.
190 1422 255 1458 multo
264 1420 336 1471 niudis]
347 1419 395 1457 libri
406 1431 477 1457 omnes
487 1421 621 1466 muitinzodis3
637 1433 701 1470 quare
710 1419 772 1461 wat,

54 1470 109 1507 coni.
125 1471 250 1510 multimodis
263 1476 323 1525 prim.
333 1474 404 1510 multer*
417 1471 547 1521 (quodcum
557 1486 655 1524 parentes
666 1472 711 1509 vuit
723 1485 774 1509 con-

53 1529 166 1570 structum,
174 1525 180 1568 )
189 1537 194 1570 ;
209 1524 387 1572 quemadmodum
395 1526 410 1572 1,
420 1522 464 1562 814.
475 1521 519 1562 894.
531 1530 551 1560 et
562 1524 650 1573 saepius.
675 1524 716 1561 Sed
725 1524 773 1562 vide

53 1575 73 1622 I,
85 1574 142 1613 1023.
156 1575 184 1620 Π,
196 1575 237 1614 115.
249 1573 293 1615 654.
304 1581 344 1613 etc.

106 1627 163 1666 1219.
190 1628 261 1677 uaria]
276 1627 332 1664 ssodt
344 1626 404 1665 Vind.
415 1628 475 1665 Poor.
486 1626 535 1664 Brit.
548 1627 566 1666 1.
578 1627 597 1665 3.
610 1627 667 1666 Cant.
678 1629 725 1665 Ver.
735 1643 773 1666 na-

53 1679 95 1727 rie,
109 1678 164 1716 Brit.
175 1680 193 1716 2.
212 1683 320 1733 varieque,
333 1680 387 1718 Brix.
404 1681 455 1717 Ven.
471 1682 553 1727 omme,
567 1679 632 1730 Lugd.
644 1681 664 1718 2.
679 1693 692 1717 a
708 1692 773 1718 manu

53 1729 144 1767 secunda
155 1734 232 1769 orarias·
746 1776 748 1780 .

106 1783 162 1820 1221.
190 1782 269 1831 minus]
284 1780 313 1819 sic
330 1781 389 1820 Vind.
403 1780 452 1819 Brit.
464 1782 482 1820 1.
491 1781 521 1830 3.,
537 1793 588 1832 quos
599 1794 672 1821 omnes
682 1783 773 1822 editores

53 1839 101 1881 post
116 1832 242 1871 Lambinum
257 1833 340 1883 sequuti
351 1840 410 1878 sunt3
425 1834 489 1870 ceteri
501 1833 550 1871 iibri
561 1833 652 1871 universi
662 1840 734 1886 magis.
746 1858 773 1864 —-

53 1887 78 1921 de
90 1887 179 1932 semine]
194 1885 255 1922 Poor.
266 1903 276 1923 e
289 1889 374 1932 semine,
387 1886 432 1924 Ald,
443 1887 460 1923 1.
473 1886 526 1924 Bon.
537 1901 550 1923 α
560 1888 647 1931 semine;
660 1887 682 1923 in
693 1888 742 1924 Brit.
754 1889 772 1925 1.

53 1935 72 1972 2.
83 1936 102 1974 3.
115 1936 174 1973 Cent.
188 1936 241 1974 Brix.
253 1938 301 1975 Ver.
315 1937 366 1976 Ven.
380 1936 505 1987 praepositio
523 1937 608 1974 omnino
626 1937 694 1987 deest,
707 1951 772 1990 quare

53 1985 113 2025 Wak.
123 1987 241 2037 suspicatur
251 1991 318 2040 magis
329 1991 379 2028 lzoeo
391 1992 447 2028 Ιιαιιᾶ
455 1991 530 2027 semine
541 2000 602 2027 certo.

106 2051 163 2090 1226.
190 2059 258 2107 Aeque
275 2056 317 2092 utri
332 2054 408 2103 simile]
423 2053 481 2092 ssodl.
495 2057 543 2092 Ver.
558 2056 611 2094 Ven.
623 2059 691 2108 Atque
701 2058 774 2095 verisi-

53 2103 111 2149 mile,
125 2103 185 2142 Poor.
198 2108 258 2145 Cant.
271 2111 339 2159 Atque
347 2110 388 2145 viri
397 2108 473 2154 simile,
486 2106 541 2146 Brix.
553 2105 599 2147 Ald.
608 2108 625 2145 1.
635 2110 684 2146 Bon.
697 2115 727 2147 At
738 2123 773 2146 rre-

53 2155 148 2210 rim'mile⁷
166 2157 215 2198 Brit.
230 2161 249 2199 2.
266 2165 334 2209 Atque
350 2162 381 2197 uti
395 2160 475 2197 semine.
489 2178 516 2185 —
529 2160 695 2211 quodquomque]
710 2158 772 2196 Vind.

44 2205 102 2241 'Brlh
116 2207 135 2244 3.
152 2208 204 2248 Brix.
222 2226 346 2261 qztocunque.
364 2232 390 2237 -
409 2208 499 2257 meatur]
519 2209 585 2259 Lugd·
599 2211 617 2248 1.
633 2211 692 2247 Bodl.
710 2210 771 2248 vind.

53 2253 113 2294 Cant.
123 2269 209 2309 cremor,
224 2263 279 2299 unde
288 2264 316 2300 W
317 2262 348 2300 ak.
361 2262 476 2310 suspicatur
485 2272 572 2299 creatom
578 2274 585 2306 3
598 2261 646 2299 Brit.
655 2264 673 2302 1.
685 2274 771 2301 teroem.

105 2320 129 2355 V·
143 2322 199 2361 1228.
224 2325 323 2363 laudatur
337 2339 349 2363 a
360 2328 418 2363 Festo
432 2337 447 2365 s.
459 2338 479 2364 v.
491 2324 577 2362 Suboles
592 2326 625 2375 (p.
636 2323 680 2365 451.
693 2325 770 2370 Goth.)

105 2372 163 2410 1229.
190 2379 313 2428 quoiquam]
329 2378 387 2417 Bodl.
398 2376 450 2415 Brit.
460 2377 479 2415 2.
496 2380 616 2431 quicquam,
631 2378 676 2416 Alo.
688 2379 706 2416 1.
719 2379 770 2415 Bon,

53 2437 177 2475 quemquam.

105 2476 163 2516 1230.
190 2483 299 2531 agnatis]
312 2482 342 2521 sic
359 2494 432 2521 omnes
448 2480 509 2530 iibri,
522 2494 574 2534 quos
590 2479 650 2522 Wak.
665 2485 724 2519 recte
739 2490 769 2517 se-
