1690 2654
235 147 277 189 AI)
293 144 431 187 LIBRUM
446 142 595 185 PRIMUM.
727 139 775 185 189

1 265 6 277 ‘³
56 266 93 299 net
107 257 164 298 inani
178 271 215 296 sua
226 263 301 296 natura
313 256 356 295 sine
371 254 472 307 pondere.
498 254 589 306 Vulgata
604 256 675 290 autem
687 249 774 302 quisque

0 303 3 347 l
56 313 112 351 videt
120 314 150 349 sic
162 311 301 349 construenda
313 321 367 348 esse:
381 315 456 353 natura
466 307 534 345 inanis
546 305 646 356 (secundo
659 304 717 354 casu)
728 315 774 340 rna-

0 361 2 377 *
55 364 145 403 netsine
156 364 256 415 pondere.

107 417 151 455 367.
178 414 219 463 At]
240 413 300 450 Wak.
312 424 336 449 ex
347 410 432 462 ingenio
447 423 485 447 suo
496 408 561 446 edidit
576 412 614 454 Ut,
629 420 694 459 quum
707 405 771 444 Godd.

55 469 120 518 Lnga.
137 469 155 505 1.
170 467 190 504 2.
207 464 261 501 Bodl.
277 465 335 504 Gon.
353 464 401 500 Brit.
417 464 437 501 2.
455 464 474 501 3.
494 461 632 511 (quibuscum
654 459 773 510 conspirant

57 519 115 556 editt.
125 516 178 554 brix.
190 517 237 556 Ver.
246 516 309 564 Van.)
325 514 435 553 exhibeant
444 520 493 552 Ant.

106 571 152 608 368.
178 566 275 615 vacuum]
292 563 396 604 'slawata
410 564 474 602 edidit
490 577 501 601 e
515 569 595 613 septem
608 561 674 600 Godd.
685 568 705 599 et
714 562 773 599 editt.

55 621 103 657 Ver.
118 622 178 665 Bon,
199 619 273 669 quibus
288 617 396 656 addendae
406 614 458 655 Ven.
470 622 490 653 et
500 615 545 652 Ald.
558 618 575 654 1.
588 621 608 652 et
620 614 695 664 procul
710 614 773 651 dubio

55 671 119 709 etiam
132 670 194 719 Brix.;
209 683 260 708 nam
272 670 379 708 Gerardus
391 669 467 706 iterum
481 667 624 719 negligentem
639 678 661 704 se
671 665 774 716 praebuit.

55 726 77 760 In
89 728 141 763 lunt.
156 728 177 760 et
193 722 238 760 Ald.
247 724 266 761 2.
282 722 325 760 iam
340 721 431 772 vulgaris
441 720 505 758 lectio
520 723 581 758 vacui
591 724 689 769 apparet,
712 730 772 768 quae,

55 775 93 812 etsi
108 775 196 812 tortasse
207 773 290 811 facilior
303 780 324 810 ct
339 773 465 824 expeditior,
477 770 551 809 illi-oh
562 771 666 809 librorum
681 769 774 808 auctori·

54 832 121 865 tatem
134 825 277 876 postponenda
290 832 325 863 est.

106 879 149 917 371.
163 879 209 917 372.
236 876 311 925 „Ordo
327 882 369 915 est:
393 876 460 926 Cogor
476 885 614 924 praecurrere
630 873 694 923 illud,
715 872 773 925 quod

55 929 140 981 quidam
152 929 245 980 fingunt,
266 941 292 966 ne
302 928 366 979 possit
375 934 396 964 te
407 939 456 963 vero
468 925 593 963 deducere.“
620 928 694 964 Wat.

105 982 150 1020 373.
178 981 302 1028 nitentibus]
316 979 365 1016 edit.
376 980 424 1016 Ver.
437 979 565 1022 natantibus,
581 978 629 1015 Ven.
644 978 772 1015 notantibus.

55 1032 94 1068 sed
106 1031 158 1068 Brix.
169 1031 212 1068 iam
221 1030 327 1067 veriorem
336 1030 449 1066 lectionem
459 1028 534 1074 habet,
550 1041 612 1077 qnam
623 1041 696 1066 omnes
708 1029 772 1067 Godd.

54 1082 113 1121 nohis
124 1082 203 1133 cogniti
213 1082 292 1131 pariter
302 1087 364 1131 atque
375 1079 433 1117 editt.
445 1081 493 1116 Bon.
503 1078 548 1116 Ald.
556 1083 573 1118 1.
582 1081 601 1118 Ξ.
614 1081 666 1117 lunt.
678 1087 772 1119 tuentur.

105 1135 150 1173 381.
179 1139 220 1182 Quo
240 1133 349 1183 poterunt]
372 1130 421 1170 uod.
437 1131 495 1168 Bodl.
513 1130 571 1166 editt.
589 1129 642 1168 Brix.
658 1132 705 1169 Ver.
721 1133 772 1171 Ven.

54 1199 106 1237 quoe
119 1194 217 1234 poterant
232 1184 333 1231 (fortasse
350 1194 388 1231 pro
406 1197 459 1233 quo,
477 1180 534 1232 quod
545 1181 604 1218 Wak.
620 1194 663 1219 non
680 1183 773 1220 deterius

55 1234 149 1283 censet);
166 1233 212 1272 ald.
225 1236 243 1272 1.
259 1236 308 1270 Bon.
325 1236 360 1286 qni
372 1243 476 1284 poterunt.
490 1254 516 1259 —-
531 1233 602 1285 quom]
621 1232 661 1270 hoc
671 1234 773 1273 nimirum

54 1286 94 1324 sibi
109 1285 163 1323 velle
178 1285 261 1322 videtur
278 1285 343 1325 Godd.
353 1284 411 1321 Bodl.
427 1284 476 1321 Brit.
489 1286 506 1324 1.
519 1287 539 1325 2.
548 1286 568 1324 3.
581 1292 602 1322 et
614 1285 709 1323 omnium
721 1293 772 1325 vett,

56 1337 112 1375 editt.
124 1338 220 1387 (praeter
230 1340 282 1374 lunt.
294 1343 314 1374 et
323 1336 368 1377 Ald.
378 1338 405 1386 22,
418 1335 494 1373 diserte
505 1350 549 1375 cnm
562 1336 691 1387 scribentes)
707 1338 771 1376 lectio

70 1404 106 1437 uo,
119 1400 134 1427 1.
145 1401 163 1426 e.
175 1401 224 1438 quo.

1 1484 3 1489 Α
56 1404 68 1442 q
106 1441 150 1481 382.
176 1441 206 1477 De
216 1451 294 1490 graeca
305 1439 468 1487 constructione,
481 1438 522 1476 hoc
536 1450 598 1476 versu
609 1439 678 1488 obvia,
692 1445 713 1478 et
725 1452 770 1480 sae-

55 1489 100 1541 pius
113 1491 168 1539 apud
179 1491 299 1528 Lucretium
312 1497 448 1539 occurrente,
464 1490 552 1528 diximus
565 1490 591 1527 ad
602 1503 621 1528 v.
633 1493 678 1532 112,

1 1545 3 1549 ’
105 1542 149 1582 384.
175 1542 259 1592 initum]
276 1543 339 1584 Godd.
351 1543 411 1581 Vind.
422 1541 478 1580 Bodl.
490 1543 541 1580 Brit.
552 1544 572 1581 2.
582 1543 601 1581 3.
614 1549 635 1579 et
646 1542 703 1582 editt.
716 1544 769 1583 Brix.

1 1595 4 1624 ἶ
56 1591 103 1632 Ver.
110 1594 160 1631 Ven.
171 1596 223 1634 lunt.
229 1597 318 1642 initium,
333 1601 354 1632 et
365 1595 386 1632 in
397 1595 458 1632 variis
471 1594 554 1645 quidem
565 1594 622 1631 lectt.
635 1596 689 1635 Iunt.
697 1608 770 1647 quam-

57 1655 117 1692 quam
127 1645 193 1683 altera
204 1647 268 1684 etiarn
285 1654 465 1684 commemoratur
476 1647 591 1695 scriptura,
610 1645 686 1685 diserte
698 1655 771 1686 tamen

3 1702 6 1745 ζ,
54 1695 153 1733 Marullus
164 1700 246 1737 initium
253 1711 367 1748 agnoscere
379 1695 461 1738 dicitur.
475 1701 549 1736 extrita
559 1698 621 1736 litera
631 1699 668 1738 iin
679 1701 770 1738 scansio-

55 1756 87 1792 ne,
98 1753 119 1783 ut
128 1748 177 1785 alibi
186 1750 271 1798 sterilia,
282 1751 365 1788 oriundi
376 1757 397 1788 et
406 1748 488 1789 similia.
515 1750 555 1787 Sed
565 1749 604 1787 bac
613 1752 717 1800 synaeresi
726 1764 770 1789 non

5 1840 6 1851 3
56 1807 105 1845 opus
117 1805 157 1847 est,
171 1800 274 1852 siqnidem
285 1801 398 1839 meliorum
410 1801 513 1839 librorum
522 1801 585 1839 lectio
597 1805 678 1850 initum,
687 1803 699 1841 i.
712 1815 729 1841 e.
739 1804 769 1839 in-

3 1858 5 1860 ’
55 1860 144 1897 gressus,
159 1853 280 1900 exordium,
298 1854 377 1902 optime
393 1855 491 1891 convenit
506 1854 551 1891 usui
562 1854 687 1891 Lucretiano
700 1855 768 1901 (conf.

55 1900 71 1946 l,
86 1902 116 1958 13ἷ
128 1900 208 1960 ll,'269.
225 1907 257 1953 lll,
272 1906 336 1952 272).
364 1905 424 1943 Wak.
436 1911 519 1955 praeter
533 1905 632 1954 quosdam
645 1905 727 1957 Virgilii
736 1906 768 1944 lo-

3 1958 7 2004 ζ
55 1962 89 1987 cos
99 1953 169 1990 similis
181 1956 297 1994 sententiae
312 1962 420 2006 comparat
435 1957 491 1996 Ovid.
502 1958 554 1996 Fast.
568 1958 601 2005 tv,
612 1959 656 2006 93„
671 1958 768 2009 quiante

2 2025 6 2049 ,3
56 2003 125 2039 oculos
137 2005 234 2044 habuerit
244 2008 364 2045 Lucretiani
375 2009 443 2058 operis
455 2008 568 2044 exordium.

104 2056 149 2097 385.
177 2061 285 2111 concurso]
301 2060 330 2097 sio
343 2062 391 2099 flav.
402 2066 423 2097 et
434 2059 494 2099 Wak.
503 2072 551 2097 curn
564 2058 630 2098 Godd.
642 2059 707 2111 Lugd.
716 2062 736 2100 d·
747 2061 767 2100 Ξ.

55 2104 110 2145 bodl.
128 2115 148 2146 et
163 2110 220 2152 editt.
232 2118 293 2160 vett,
313 2118 397 2161 praeter
411 2114 461 2150 Bon.
472 2114 525 2149 Iunt.
542 2111 627 2160 atde,
647 2124 700 2163 quae
712 2112 768 2150 exhi-

1 2175 4 2194 i
54 2154 217 2216 bletttconcnrsn,
231 2170 255 2200 ut
265 2164 334 2214 vulgo.
356 2164 440 2214 Saepius
451 2171 522 2200 autem
528 2163 626 2201 Lucretio
637 2172 711 2201 neutra
721 2177 768 2215 par-

1 2219 4 2246 '.
54 2212 173 2257 ticiprornm
190 2227 228 2262 pro
244 2215 377 2252 substantivis
397 2222 534 2264 usurpantur,
565 2215 633 2263 (conf.
649 2217 670 2261 l,
691 2215 728 2255 451
742 2229 767 2255 ss.

54 2258 97 2299 795.
111 2262 149 2309 III,
159 2265 204 2303 954.
217 2265 304 2305 fortasse
315 2268 377 2305 etiarn
389 2270 411 2313 ll,
424 2266 476 2315 438,
490 2267 526 2305 ubi
537 2266 577 2306 vid.
585 2267 688 2315 inaltet„
704 2279 767 2317 quare

54 2319 95 2366 npn
107 2320 157 2370 erat,
172 2328 209 2353 cur
221 2319 333 2356 Lambinus
350 2319 376 2356 de
389 2320 428 2356 hac
438 2319 508 2357 forma
516 2319 628 2367 dubitaret,
643 2332 695 2370 quae
708 2319 767 2355 Gita-

54 2371 87 2398 1110
105 2376 126 2400 tn
137 2366 180 2404 lud.
197 2369 223 2405 ad
237 2372 298 2411 Lucr.
313 2384 329 2410 s.
343 2385 361 2409 v.
382 2375 487 2411 concurso
500 2385 542 2408 non
557 2377 616 2409 recte
631 2370 766 2408 confunditur

55 2423 101 2470 cunt
113 2418 243 2472 substantivis
256 2430 343 2472 quartae
354 2423 509 2471 declinationis,
527 2424 553 2461 ah
569 2422 726 2472 antiquissimis,
744 2421 766 2457 in

54 2471 143 2511 genitivo
158 2472 259 2521 maxime,
281 2475 345 2512 etiarn
360 2475 386 2512 ad
398 2474 501 2513 secundae
516 2474 586 2526 legem
597 2472 722 2514 terminatis,
742 2477 765 2507 ut

54 2522 147 2569 senatus,
160 2523 312 2565 tumultusctc.
339 2529 421 2565 Horum
431 2526 498 2573 enim,
511 2526 537 2565 de
550 2526 623 2577 quihus
633 2524 690 2563 conf.
701 2522 763 2562 Prisc.
