1690 2654
80 80 129 127 224
207 125 210 129 ,
287 59 577 118 ‘enuortrrouus

80 181 185 243 integrant
195 200 253 227 mare
263 186 323 224 undis
327 187 454 239 fluminis“,
467 200 507 237 pro
516 190 611 240 fluminis
620 200 695 239 parum
705 189 796 227 feliciter

36 278 39 281 ,
81 244 134 282 coni.
146 244 226 293 ingiter,
238 245 296 278 recte
307 239 409 277 refutatus
421 239 510 288 aWek.‚
525 240 561 290 qui
576 244 686 290 comperet
698 241 795 279 Priscian.

79 295 156 346 perieg·
169 295 214 334 210.
241 295 297 332 Hinc
306 294 372 345 fluvii
382 294 467 346 pinguis
479 294 602 332 descendunt
608 295 698 345 flumina
709 294 761 334 Nili.

61 396 64 400 ,
131 359 187 398 1031.
215 356 326 408 integrent]
353 356 419 396 Codd.
432 356 490 396 Bodl.
498 357 558 398 Vind.
569 359 630 396 Poor.
642 357 691 398 Brit.
702 359 721 398 3.
734 358 796 396 Cant.

76 410 100 447 et
115 410 175 450 editt
187 409 241 447 Brix.
257 411 306 447 Ver.
326 409 377 449 Ven.
393 412 442 448 lton.
462 412 587 462 iungerent,
608 423 672 462 quam
681 408 796 448 lectionem

79 461 185 512 quomodo
201 461 262 500 Wak.
278 457 392 501 admodum
409 462 526 514 elegantem
540 462 610 509 dicere
629 462 733 514 potuerit,
751 473 795 500 non

78 513 152 562 video3
167 513 216 552 God.
227 513 276 552 Brit.
288 514 308 553 2.
318 516 435 566 integeret,
452 514 511 551 Gonf.
524 515 585 552 etiam
596 517 621 565 ll,
635 510 692 554 1'147.
735 549 742 563 ,

131 580 190 623 1032.
214 579 283 627 Feta]
301 577 331 615 sic
341 585 426 627 praeter
434 578 537 630 plurimos
552 579 617 618 Codd.
629 580 726 618 exhibent
734 578 795 628 editt.

77 630 132 670 Brix.
148 634 199 670 Bon.
212 630 258 668 Ald.
273 632 291 669 1.
307 630 326 668 0.
340 632 407 679 Iunt.;
422 630 488 669 Codd.
499 630 564 682 Lugd.
574 633 593 671 2.
607 632 666 670 Gott.
684 635 759 681 Forte,
768 636 796 674 vet

78 682 116 720 ille
127 696 140 720 a
149 695 213 720 manu
223 680 314 719 secunda
326 684 401 728 Foeta,
415 682 473 719 editt.
483 684 530 720 Ver.
541 683 592 722 Ven.
605 687 663 723 Tota.
675 704 701 711 -·
719 683 795 732 novet]

80 733 147 773 Codd.
159 733 216 773 Bodl.
227 732 288 771 Vind.
299 731 348 768 Brit.
359 734 377 771 1.
390 733 409 772 3.
419 732 479 772 Cant.
492 739 513 771 et
522 732 579 771 editt.
590 740 639 773 vett.
649 741 732 784 praeter
742 737 795 774 lunt.

40 781 41 786 ¹
77 791 101 823 et
116 785 163 825 Ald.
172 787 191 824 2.
203 795 274 821 onmes
286 794 358 822 movet.
369 805 395 811 -
407 800 484 824 summa
494 789 587 838 qnoque]
603 787 633 823 sic
645 785 705 824 Wak.
718 799 728 824 e
740 786 795 825 coni.

8 881 10 884 Α
78 836 154 883 edidit;
167 836 263 887 plerique
277 834 342 873 Codd.
355 841 376 872 et
387 831 444 874 editt.
455 836 513 883 Brix.
522 838 571 875 Ver.
588 836 639 877 Ve‘n.
657 841 706 876 Bon.
719 837 765 877 Ald.
775 839 795 877 1.

77 904 156 928 summu
172 904 224 940 qun,
244 886 307 932 Codd.
320 887 386 937 Lugd.
398 889 416 927 1.
427 889 447 927 2.
460 904 583 941 summaque,
596 888 646 926 Brit.
659 891 677 929 1.
690 904 794 929 summum.

78 940 148 991 Vulgo
158 943 309 992 summissaque,
323 951 387 990 quam
397 939 512 978 lectionem
523 940 567 977 iam
575 940 621 978 Pius
634 941 656 977 in
670 940 795 990 quibusdam

79 991 230 1041 exemplaribus
241 990 331 1039 invenit,
346 990 401 1028 unde
412 991 475 1029 etiam
485 992 507 1029 in
518 995 572 1030 lunt.
585 998 606 1029 et
616 992 661 1029 Ald.
674 994 693 1032 2.
705 991 794 1031 transiit.

130 1057 188 1096 1036.
214 1070 311 1109 reparare
317 1056 344 1092 W
345 1054 376 1092 alr.
383 1054 475 1093 restituit
480 1069 505 1093 ex
511 1055 606 1094 omnihus
612 1056 657 1094 fere
665 1057 734 1103 libris3
744 1059 794 1096 Hat.

80 1119 130 1146 cum
138 1106 259 1159 vulgaribus
268 1105 326 1144 editt.
337 1110 437 1156 reparari,
451 1108 484 1145 cui
492 1108 578 1145 lectioni
589 1108 651 1146 Codd.
663 1108 794 1146 modoVind.

80 1161 193 1199 cantuum
204 1157 262 1195 editt.
270 1160 320 1196 Bou.
327 1157 372 1196 Ald.
385 1160 402 1197 1.
409 1160 428 1198 2.
439 1160 492 1197 lunt.
501 1159 578 1196 lavent.
585 1181 611 1188 -
620 1158 721 1210 tempore]
733 1160 793 1198 editt.

78 1213 133 1250 Iunt.
145 1211 191 1249 Ald.
201 1211 220 1250 2.
231 1225 321 1262 corpore,
333 1210 394 1248 male.
404 1231 430 1238 —-
441 1226 530 1263 quaeque
540 1211 623 1248 restitui
633 1223 644 1249 e
657 1211 722 1251 Codd.
729 1211 794 1263 Lugd.

78 1265 98 1303 1.
110 1263 168 1301 Gott.
178 1264 239 1301 Cant
249 1268 268 1298 et
278 1261 374 1299 omnihus
383 1268 432 1299 vett.
446 1261 503 1301 editt.
512 1268 595 1310 praeter
605 1262 663 1311 Ven.‚
677 1275 741 1313 quum
753 1263 794 1301 ho‘u

78 1314 143 1352 verbo
153 1314 224 1351 addito
233 1313 334 1350 sententia
342 1312 405 1363 longe
414 1313 491 1350 fortior
500 1313 587 1364 aliisque
597 1314 747 1357 Lucretiiloois
760 1318 768 1362 (
773 1327 793 1355 v.

79 1379 98 1404 c.
105 1369 121 1414 I,
127 1365 173 1406 547.
179 1367 224 1405 579.
236 1365 286 1414 etc.)
297 1364 453 1402 convenientior
458 1364 566 1411 reddetur,
576 1377 639 1416 quam
650 1365 667 1402 si
678 1366 793 1406 cumWek.

79 1424 101 1456 et
110 1418 198 1469 vulgatis
210 1416 268 1455 editt.
277 1433 355 1470 quoqne
364 1417 458 1468 legemus
472 1416 499 1454 ad
516 1429 604 1468 tempore
615 1416 716 1465 relatum,
735 1419 793 1456 ouius

77 1468 227 1508 notitiarum
239 1480 291 1507 voce
302 1470 384 1520 infinito
396 1469 526 1517 continetur,
546 1475 567 1506 et
578 1481 643 1520 quum
658 1475 729 1508 noster
743 1470 794 1509 alibi

58 1551 60 1553 ψ
78 1522 143 1560 etiam
153 1525 175 1561 in
183 1534 272 1571 tempore
282 1520 406 1571 simpliciter
415 1533 493 1573 ponere
509 1520 587 1567 soleat,
605 1520 622 1557 si
635 1520 661 1557 de
673 1521 730 1560 certo
741 1531 793 1573 quo-¹

78 1573 128 1612 dam
139 1580 159 1612 et
169 1572 264 1624 legitimo
274 1578 369 1622 tempore
379 1570 448 1610 sermo
459 1579 495 1621 est,
510 1573 545 1623 (ut
555 1584 618 1622 supra
627 1572 645 1619 Ι,
655 1573 719 1621 352.);
740 1585 792 1624 quae
832 1577 836 1582 '

23 1643 35 1651 κ
60 1625 132 1668 „ratio
142 1632 214 1663 nostro
221 1624 358 1675 quoqueloeo
369 1625 457 1673 obtinet,
466 1624 524 1662 cuius
530 1636 601 1662 sensus
612 1636 636 1661 ex
646 1636 694 1661 mea
701 1624 793 1668 lectione

78 1677 115 1715 bic
127 1682 168 1715 est:
186 1691 257 1716 wutron
267 1679 298 1715 sie
309 1678 370 1725 jeden
386 1680 407 1716 V
404 1678 468 1716 erlust
476 1692 501 1714 zu
511 1679 589 1714 reeliter
600 1677 647 1713 Zeit
658 1691 683 1714 zu
692 1679 793 1728 ergcinzen

76 1732 165 1783 pflegen.
190 1730 266 1766 Fateor
275 1733 359 1775 tamen,
372 1727 412 1765 nisi
427 1734 460 1765 tot
469 1726 518 1765 libri
530 1727 582 1765 honi
595 1726 753 1774 reclamassent,
766 1728 792 1766 de

54 1803 57 1806 ,
78 1780 161 1833 vulgati
172 1791 257 1819 menon
267 1778 410 1818 dubitaturum
420 1779 493 1829 fuisse,
508 1790 562 1830 quae
573 1784 594 1816 et
603 1777 648 1829 ipsa'
657 1778 709 1817 ferri
716 1786 791 1832 potest.

130 1847 187 1887 1039.
215 1847 300 1897 deficere
315 1857 364 1883 oum
374 1844 476 1882 infinitivo
487 1842 555 1882 rarius
566 1842 709 1894 coniungitur.>
732 1843 791 1884 Wak.

77 1897 150 1937 laudat
159 1899 231 1936 Silium
240 1899 287 1948 ΙΙΙ,
298 1898 342 1936 111.
355 1896 389 1934 eui
400 1895 453 1933 adde
463 1897 557 1946 Propert.
567 1899 583 1942 I,
593 1896 612 1941 8,
624 1895 656 1935 23.

131 1947 188 1990 1040.
215 1952 288 2003 aliqua
295 1951 390 1995 ratione]
403 1948 433 1985 sic
450 1946 510 1988 Wak.
525 1959 573 1985 eum
585 1946 681 1984 omnibus
695 1948 758 1987 Codd.
770 1955 791 1987 et

78 2007 134 2039 uett.¹
141 2003 198 2041 editt.
205 2008 289 2052 praeter
300 2001 360 2041 Gott.
372 2006 393 2038 et
402 1999 451 2037 Brit.
462 2000 487 2047 1.,
501 1998 536 2050 qui
550 1997 658 2049 vulgarem
668 2011 725 2038 recta
733 2003 791 2054 regi-

78 2069 117 2092 one
127 2060 219 2093 tuentur.
242 2053 352 2103 Librorum
363 2063 413 2090 vero
422 2057 504 2089 tantum
511 2063 554 2087 non
563 2049 657 2087 omnium
668 2063 791 2093 consensum

79 2104 126 2154 quis
133 2112 243 2155 tantopere
253 2104 365 2155 despiciat,
377 2110 412 2152 ut,
429 2101 524 2152 inprimis
535 2113 600 2153 quum
609 2106 680 2140 noster
690 2105 754 2143 etiem
765 2107 790 2156 V,

78 2155 125 2196 414.
133 2153 208 2196 habeat
218 2156 282 2195 verba
294 2158 365 2210 aliquo
377 2158 458 2195 ratione
473 2169 557 2200 avorsa,
574 2165 687 2204 paucorum
702 2155 791 2197 istorum

79 2207 183 2247 Codicum
195 2208 309 2246 lectionem
327 2205 482 2259 amplectatur?
510 2207 578 2251 Quare
596 2217 638 2243 non
659 2207 730 2259 video,
752 2222 790 2248 cur

64 2262 65 2265 ’
78 2259 155 2299 Eichst.
168 2260 256 2298 ediderit
266 2262 337 2311 aliqua
344 2262 433 2313 regione,
445 2256 585 2295 etsilocorum
591 2257 608 2307 Ι,
621 2258 665 2299 957.
677 2267 698 2297 et
705 2265 728 2310 ll,
736 2259 789 2311 249„
842 2264 844 2266 ’

20 2359 23 2362 ἱ
79 2312 106 2350 ad
118 2312 213 2363 quosllir
224 2310 371 2349 celeberrimus
380 2311 468 2348 fortasse
478 2308 612 2359 provocabit,
635 2324 678 2349 non
692 2313 791 2364 sumim-

78 2377 167 2404 memor.
182 2382 207 2394 -
223 2379 297 2403 aversa
308 2365 365 2412 viai]
385 2363 441 2414 ,,τη”ς
454 2359 506 2402 ὁδοῦ
517 2357 683 2412 ἀπεστραμμένα,
703 2378 742 2416 pro
754 2368 790 2404 via

55 2426 58 2430 ⁴
78 2417 112 2455 vel
126 2433 139 2456 a
147 2418 183 2457 via
194 2431 276 2455 averso:
289 2427 339 2453 nam
348 2414 515 2452 manifestissima
530 2419 560 2451 est
578 2414 694 2455 Grae'c'ismi
709 2416 789 2468 phrasis

76 2469 224 2510 Lucretianaf‘
236 2469 268 2508 W
269 2469 305 2507 alt.
329 2465 394 2505 fGonf.
404 2465 510 2506 Matthiaei
520 2465 558 2505 Gr·
570 2467 607 2508 Gr.
615 2469 683 2520 §.33t.
695 2469 787 2509 Perizon.
