1690 2654
227 114 268 155 AD
285 113 416 161 LIBRUM
432 115 595 167 QUINTUM.
723 114 771 161 469

52 222 143 274 doctiss,
156 224 280 275 neutiquam
290 227 348 261 caret
357 223 448 263 ablativo
459 222 582 272 desiderato,
594 223 611 262 si
620 223 728 278 vulgatam
738 241 771 266 ze·

52 277 120 315 tirolis
131 288 179 314 oum
191 275 250 314 libris
258 275 304 314 fere
314 276 409 315 omnibus
419 277 540 316 retinemus.
560 277 671 324 (Ceterum
680 278 770 317 verbum

52 330 134 374 Florere
140 327 215 365 eodem
224 327 289 364 modo
294 334 417 379 usurpatum
426 328 515 366 vidimus
520 330 536 377 Ι,
542 329 587 367 256.
596 334 616 365 et
622 329 646 377 V,
653 331 706 376 910.)
721 330 768 368 Obi-

51 384 85 417 ter
94 384 177 417 tantum
192 390 337 417 commemoro
347 379 477 418 coniecturas
487 379 552 417 Vossii
563 378 589 416 ad
601 379 676 420 Catull.
691 395 712 433 p.
723 384 768 423 772:

54 434 77 469 T.
83 446 108 469 vn.
117 431 224 470 velivolum
228 433 255 484 fl
265 433 336 481 Protei
342 427 432 480 adoras,
441 437 466 469 et
473 429 563 468 Gifanii:
578 434 631 471 T.m.
641 434 734 473 velivolis
740 437 768 486 fl.

1 498 4 508 .
52 482 139 521 novibus
152 485 218 534 ponti.
244 483 319 531 (Gonf.
333 482 408 531 etiam,
422 494 476 534 quae
485 481 511 520 de
522 482 563 520 hoc
575 481 624 521 loeo
634 482 736 536 disputavi
745 486 768 525 in

51 532 102 573 Diss.
115 544 163 570 mea
174 532 200 571 de
209 535 271 572 Lucr.
282 548 304 586 p.
314 535 338 574 81
350 537 391 584 ss.)

61 581 63 584 ’
103 581 160 623 1144.
188 586 278 638 „priusJ
290 585 343 624 Brit.
354 587 372 626 1.
387 594 444 638 post5
458 582 548 631 rectius,
562 589 586 622 ut
600 584 704 627 arbitror:
717 599 768 626 nam

52 633 124 679 solere¹
139 635 235 674 homines
254 636 348 676 versibus
370 635 485 674 recitandis
505 635 573 674 otium
593 635 651 687 prins
667 639 768 688 mulcere,
803 677 808 682 ,

52 698 116 736 quam
129 686 239 726 literarum
253 700 301 727 usus
316 688 343 726 sit
356 693 463 739 repertus,
478 693 499 725 et
509 699 548 737 per
558 699 579 725 se
589 700 639 728 vero
650 690 717 728 simile
729 698 768 740 est,

51 743 73 774 et
86 751 160 777 verum
174 739 276 778 evincitur
290 741 324 778 vel
337 740 399 777 unius
413 739 542 776 carminibus
555 741 649 779 Homeri.
656 743 670 765 ‘⁶
693 746 741 782 Wo
747 746 769 781 lrt

51 790 131 826 Tamen
141 791 167 828 ob
178 791 239 829 unius
250 791 299 831 Cod.
308 791 430 829 recentioris
440 791 588 829 auctoritatem
602 794 709 845 vulgatam
723 808 766 834 uon

51 840 205 881 sollicitandam
218 848 277 893 puto.

102 890 160 933 1445.
187 894 266 945 uotum]
280 895 332 932 Ven.
344 892 387 932 Ald.
398 894 416 934 1.
431 895 480 938 Bon.
489 903 577 933 auctum.

104 942 162 984 1446.
188 945 271 998 nequit]
285 947 333 984 Ver.
345 946 396 985 ven.
410 947 501 998 nequid·
520 967 547 974 —
564 945 767 996 rori01thd.ttn't.

51 994 68 1033 2.
76 994 94 1034 3.
108 997 169 1037 Cant.
178 997 227 1037 Ver.
238 998 289 1035 Ven.
300 1000 391 1043 ratione,
404 995 530 1034 adhaerente
539 997 606 1046 prima
617 999 722 1048 sequentis
731 1012 768 1038 vo-

18 1083 19 1086 ,
53 1047 81 1084 cis
94 1047 181 1097 syllaba.
196 1070 221 1076 -
234 1048 346 1099 monstrat]
362 1048 410 1099 Brit.
421 1050 440 1088 2.
452 1059 572 1088 ntonstrnnt.

102 1097 161 1139 1450.
187 1100 223 1150 ool
241 1100 272 1138 sic
285 1099 345 1138 Wak.
362 1105 410 1138 eum
427 1101 499 1146 Gant.;
519 1099 582 1151 vulgo
598 1110 625 1139 et.
638 1121 664 1129 -
674 1101 766 1153 politus]

51 1149 80 1187 ita
94 1151 156 1191 Wak.
172 1163 184 1188 e
202 1151 333 1198 coniectura,
347 1151 374 1189 ab
386 1150 461 1188 Eichst.
474 1150 537 1188 etiam
547 1158 643 1201 recepta,
657 1159 682 1189 ut
689 1155 768 1206 politur

37 1207 99 1240 'usus
114 1202 149 1241 hic
162 1202 201 1252 sit,
214 1202 272 1254 „qui
284 1202 397 1253 polituram
412 1201 446 1240 vel
462 1202 543 1252 pariat,
557 1202 591 1240 vel
603 1203 691 1252 habeat,
705 1210 726 1241 et
741 1204 767 1242 ad

50 1252 203 1302 perfectionem
216 1254 330 1305 aliqualem
346 1253 372 1291 sit
387 1252 508 1292 excultus.“
540 1251 651 1292 Librorum
665 1255 767 1294 lectiones

51 1304 81 1342 sio
96 1317 117 1344 se
130 1305 218 1344 habent:
232 1306 294 1344 Vind.
304 1304 353 1345 Brit.
362 1307 381 1345 2.
392 1307 411 1345 3.
423 1306 485 1343 Pocr.
495 1306 571 1358 polito,
585 1306 652 1357 Lugd.
662 1308 681 1345 2.
689 1309 765 1358 polito,

51 1355 102 1395 Brix.
121 1358 168 1396 Ver.
185 1359 236 1397 Ven.
249 1360 336 1410 politos,
350 1356 407 1407 quod
421 1356 484 1393 Orell.
498 1356 589 1406 recepit,
608 1357 685 1395 collato
700 1359 715 1397 l.
731 1362 765 1398 ut.

51 1419 70 1445 v.
82 1408 141 1457 308„
160 1408 211 1460 (qui
225 1415 308 1458 tamen,
328 1419 394 1458 quum
410 1410 512 1446 bominum
522 1422 587 1459 genus
603 1409 728 1457 praecedet,
744 1417 766 1447 et

50 1470 168 1507 pronomen
183 1464 280 1513 quosdam
296 1459 390 1497 additum
407 1458 445 1507 sit,
459 1458 521 1509 longe
534 1458 609 1496 diversi
622 1465 652 1497 est
661 1460 765 1511 generis‚)

50 1515 74 1547 ut
83 1522 154 1548 sensus
166 1511 203 1549 sit:
218 1515 289 1562 „Usus
300 1517 321 1549 et
333 1509 459 1560 experientia
470 1509 586 1547 docueruut
596 1510 691 1549 homines
700 1512 765 1550 semel

47 1562 126 1650 politqs
135 1562 218 1613 navigia
228 1570 278 1612 etc.;
292 1561 349 1615 quod
358 1560 489 1600 artificiosius
498 1560 587 1600 videtur.
613 1562 681 1613 Vulgo
688 1565 765 1616 polire,

49 1618 75 1650 ut
84 1613 123 1651 rei
139 1614 161 1651 ui
171 1613 228 1654 libri.
386 1629 389 1634 ¹

102 1627 160 1705 teir.
181 1666 358 1719 progredienteis]
379 1663 409 1702 sic
423 1665 474 1702 Hav.
489 1669 511 1702 et
525 1663 587 1702 Wak.
602 1676 650 1703 cum
665 1665 730 1718 tuga.
744 1667 764 1706 2,

49 1714 95 1754 Ald.
108 1717 126 1755 1.
138 1718 201 1765 Bon.;
216 1717 282 1755 ceteri
291 1716 340 1760 libri
348 1718 512 1769 progredientes,
525 1721 549 1753 ut
558 1714 627 1767 vulgo.

51 1812 52 1815 Ἴ
101 1763 144 1815 14
163 1767 173 1816 J-
184 1771 248 1821 erigit
262 1767 323 1807 Wak.
340 1767 432 1805 restituit
448 1779 473 1804 ex
489 1766 585 1805 omnibus
604 1765 663 1805 libris
682 1774 765 1817 praeter

49 1816 233 1868 Ιηη1.εῒ””’ᾶ.2.,
247 1831 300 1869 quae
314 1818 421 1870 vulgatam
436 1817 514 1856 hahent
524 1822 588 1866 eruit,
603 1830 614 1855 e
624 1831 642 1856 v.
655 1820 711 1859 1388.
723 1820 765 1856 huc

49 1869 178 1910 translatam.
205 1870 292 1908 Orellius
304 1875 387 1917 tamen,
403 1868 441 1907 etsi
457 1869 564 1918 concedit,
578 1871 716 1917 „Lucretium
731 1871 764 1907 in-

48 1919 133 1959 terdum
148 1922 243 1961 consulto
260 1920 338 1959 similes
355 1933 427 1959 versus
441 1920 515 1958 leviter
526 1920 657 1969 immutasse,
666 1922 680 1944 ‘¹
692 1926 764 1960 tamen

49 1972 161 2023 utrobique
178 1973 235 2012 idem
248 1973 336 2010 verbum
347 1978 452 2023 praestare
463 1972 588 2018 arbitratur,
602 1984 664 2010 causa
674 1985 717 2010 nou
728 1974 765 2011 ad·

50 2022 184 2075 dita;.quare
199 2025 235 2063 hic
252 2025 314 2062 etiam
328 2026 382 2063 eruit
395 2023 499 2061 edendum
510 2023 596 2061 curavit.
623 2024 689 2072 „Nou
700 2025 764 2074 euim,

49 2075 122 2113 scribit
133 2089 182 2114 cum
192 2075 283 2115 Oudend.
295 2075 322 2113 ad
333 2075 413 2125 Apulei.
419 2077 468 2112 Met.
475 2077 491 2113 Ι.
502 2087 523 2124 p.
529 2073 581 2121 tto,
592 2086 617 2112 ea
627 2082 709 2113 tantum
720 2080 765 2116 erui

50 2123 153 2176 dicuntur,
168 2128 251 2179 quaein
262 2134 332 2165 terrae
338 2126 406 2164 latent
414 2125 532 2174 visceribus,
546 2125 582 2163 sed
591 2132 612 2162 et
621 2125 664 2172 illa,
680 2129 764 2178 quaein

50 2176 121 2215 abdito
129 2186 177 2217 sunt
184 2178 316 2218 recondita.“
331 2177 383 2215 Mihi
391 2183 462 2215 tamen
472 2184 492 2215 et
499 2175 562 2215 Godd.
573 2176 687 2216 auotoritas
699 2185 719 2217 et
724 2181 763 2217 Lu-

51 2228 109 2266 cretii
119 2230 249 2269 consuetudo
257 2230 365 2280 vulgatam
374 2228 422 2267 satis
430 2240 532 2279 superque
540 2227 653 2266 defendere
660 2229 763 2269 videntur.

101 2279 157 2322 1455.
181 2282 241 2333 olid]
259 2281 321 2322 Vind.
337 2281 397 2320 Pocr.
415 2280 467 2319 Brit.
481 2282 499 2319 1.
512 2281 530 2319 2.
544 2280 564 2318 3.
579 2280 633 2321 Brix.
649 2282 696 2319 Ver.
713 2284 762 2321 Ver.

50 2330 112 2371 aliud.
125 2353 152 2361 ——
164 2333 273 2382 videbant]
288 2332 317 2371 sic
331 2330 392 2378 Wak.
409 2345 457 2370 cum
471 2330 530 2370 libris
545 2336 627 2370 tantum
641 2345 684 2371 non
696 2333 762 2371 omni·

50 2378 100 2430 bus5
114 2384 177 2435 vulgo
189 2387 291 2431 uidemur,
306 2389 330 2422 ut
337 2383 403 2435 Lugd¹
414 2385 433 2422 2.
445 2388 466 2421 et
477 2383 525 2424 Brit.
537 2385 556 2423 1.

103 2431 160 2476 1456.
187 2436 283 2486 Artibus]
297 2435 366 2473 Bentl.
379 2434 469 2475 coniecit
478 2437 586 2485 Portibus,
599 2434 643 2472 siue
654 2446 722 2472 causa.

80 2553 197 2583 rueramus.
466 2584 467 2588 ,
567 2542 588 2580 R
597 2552 608 2578 r
