1690 2654
219 110 260 151 AD
277 111 413 151 LIBRUM
431 111 609 163 Quantum
729 109 777 154 393

55 219 119 258 aliam
133 219 195 256 affert
209 218 329 258 lectionem,
347 219 407 258 Wak.
424 220 458 257 hic
475 219 537 258 etiarn
555 224 626 274 gnatis
642 218 708 259 edidit
726 231 775 257 cum

55 272 116 311 Vind.
130 273 180 331 Brit.
192 274 209 312 1.
219 275 239 313 2.
249 274 268 312 3.
285 275 347 312 Poor.
365 274 422 311 Cant.
439 279 459 310 et
476 273 573 311 omuibus
586 274 643 311 editt.
656 280 719 322 vett.3
732 273 776 311 for-

55 329 109 362 tasse
122 331 206 362 rectius,

108 377 165 434 1255.
193 376 326 426 conueniant]
341 377 370 414 sio
380 376 418 414 soli
430 376 479 414 Brit.
486 378 529 416 12.
538 375 584 416 Ald.
592 378 609 416 1.
617 378 635 417 2.
645 380 694 419 Bon.
706 378 774 426 Iunt.;

56 433 121 466 ceteri
133 440 204 465 omnes
216 433 348 475 conueniunt,
363 441 481 479 perperam.

108 492 166 531 1258.
194 493 256 541 aliie]
271 492 323 532 Brit.
334 487 432 532 &Cant
450 494 501 536 alii.-
515 498 535 529 et
550 493 572 531 in
589 494 646 532 Cant.
661 501 709 544 post
719 506 774 535 exte·

55 554 146 583 nuantur
158 543 257 580 inseritur
274 548 333 588 itanu·
350 544 390 581 duo
407 551 476 581 autem
494 546 567 582 Lomb.
586 546 649 583 Godd.
664 557 775 586 tenuantur

55 598 114 643 item,
129 601 150 631 et
164 597 217 633 lunt·
233 590 376 640 Extenuuntur
394 598 486 649 itemque·
495 599 552 635 aliie.
578 597 604 634 In
616 598 662 636 Brit.
673 600 690 636 1.
704 610 773 637 versus

54 647 84 685 sic
94 646 184 697 legitur:
198 652 266 699 Atque
278 650 327 686 aliis
339 660 449 686 tenuantur
459 649 604 702 tabescuntque
615 653 713 689 vicissim.

106 708 164 751 1261.
190 711 247 759 Neo]
264 711 311 750 erit.
321 713 340 751 3.
356 712 408 748 erin.
424 713 470 748 Ver.
485 712 535 751 ven.
548 716 592 759 Ne,
609 715 669 751 Cant.
681 716 735 752 Zi‘on⁴
749 733 774 744 -

55 778 104 815 opus
115 762 177 812 suut]
192 761 252 802 Viud.
266 766 323 801 Cant.
334 763 386 802 Brix.
400 763 448 801 Ver.
460 764 512 801 Ven.
528 780 574 816 opes
584 777 631 803 sunt
638 793 644 812 ,
657 765 710 806 Brit.
722 769 740 806 1.
754 767 773 805 2.

53 816 114 854 Poor.
125 830 173 867 opes
184 825 242 860 sunt,
255 814 304 854 Brit.
315 815 334 854 3.
346 815 391 852 ΑΜ,
404 816 421 852 1.
431 817 481 853 Bou.
492 817 545 853 tunt.
557 829 655 868 prosunt,
671 829 695 854 ex
707 818 774 855 iuter-

53 867 191 917 pretatione„
200 866 315 912 (Ceterum
326 866 352 904 de
363 866 519 905 constructione
529 879 595 907 motus
610 884 660 921 opus
675 881 724 908 sunt
739 882 774 907 re·

53 918 110 969 spice
122 918 148 955 ad
159 920 174 969 Ι,
186 919 257 966 1050.)

106 972 163 1010 1266.
190 972 260 1017 laeto]
274 971 335 1011 Poor.
346 968 422 1010 Brisa.
433 971 495 1009 lenta·
509 989 535 1001 ·-
549 972 663 1023 retractet]
677 972 744 1023 Lugd.
752 973 772 1012 2.

54 1022 115 1060 Poor.
127 1032 233 1060 retractat.

105 1073 163 1113 1267.
189 1072 293 1122 exossato]
309 1071 391 1122 antiqui
400 1071 431 1109 Pii
440 1072 503 1111 codd.
514 1076 631 1122 crustatim,
646 1074 672 1111 ad
680 1075 774 1112 formam

52 1123 200 1162 adverbiorum
210 1125 307 1162 Lucretio
322 1123 418 1173 inprimis
430 1125 565 1172 usitatorum,
581 1126 633 1173 [vid.
644 1126 670 1163 ad
681 1127 702 1173 Ι,
714 1128 772 1175 21.);

52 1177 101 1214 Brit.
113 1177 131 1216 1.
142 1178 203 1213 Poor.
216 1187 327 1214 exossatus.
344 1176 404 1213 Wak.
416 1175 488 1213 locum
500 1176 530 1213 sic
541 1176 703 1226 interpretatur:
717 1191 773 1228 „pe-

54 1234 112 1265 ctore
123 1228 153 1265 ita
165 1227 239 1265 mobili
252 1233 273 1264 et
282 1233 389 1277 tortuoso,
406 1240 431 1265 ac
444 1228 462 1265 si
472 1227 590 1278 privaretur
601 1230 690 1276 ossibus,
699 1232 710 1250 ‘⁶
730 1230 774 1267 col-

52 1278 96 1317 lato
106 1279 192 1328 Apuleio
205 1281 254 1317 Met.
265 1282 280 1316 I.
290 1292 311 1328 p.
320 1280 353 1318 21.
364 1279 429 1325 Oud.,
443 1280 482 1317 ubi·
493 1296 565 1318 exossa
579 1282 665 1318 saltatio
680 1293 773 1318 comme-

52 1334 160 1381 moratur,
174 1330 265 1369 Arnohio
277 1331 324 1369 VH.
337 1343 358 1379 p.
371 1332 416 1370 239.
431 1330 534 1379 (clunibus
544 1334 649 1382 fluctuare
663 1332 770 1383 crispatis)

51 1376 150 1433 aliisipue,
164 1384 250 1434 quibus,
265 1382 282 1420 si
297 1382 352 1419 tanti
365 1388 431 1432 esset,¹
442 1382 512 1433 plures
526 1381 679 1420 locos-similes
693 1383 772 1421 addere

68 1447 141 1472 ossem.

50 1448 65 1485 P
104 1482 161 1526 1268.
188 1488 252 1532 Eion,
267 1483 411 1537 ὃιςσυλλάβως,
425 1484 694 1533 1n1u,890.et1V‚1ots.;
708 1485 770 1525 vind.

52 1539 108 1575 Cant.
117 1544 137 1574 et
144 1550 216 1582 omnes
225 1537 282 1576 editt.
289 1543 340 1577 vett.
347 1540 417 1585 Eis-tit,
428 1537 484 1575 eodt.
494 1541 540 1576 Ict‘t.
551 1558 575 1563 -
586 1539 670 1587 sulcum]
682 1537 711 1574 sic
720 1540 770 1575 Har.

52 1596 73 1626 et
87 1589 148 1628 Wak.
163 1603 211 1626 cum
225 1589 320 1638 piurimis
335 1588 400 1625 tibris.
413 1592 461 1627 Ver.
472 1589 524 1627 Veri.
534 1589 578 1625 Ald,
590 1591 607 1626 1.
620 1592 670 1625 Bon.
682 1591 771 1632 nultum,-

51 1640 114 1692 vuigo
132 1642 194 1688 sulci,
209 1652 233 1677 ex
249 1639 344 1678 Lambini
361 1639 499 1677 correctione.
513 1662 540 1667 -
552 1640 639 1692 uroque]
653 1640 707 1680 Brix.
717 1644 770 1678 tunt.

51 1695 146 1745 uiasque,
162 1692 210 1729 Brit.
222 1694 241 1730 2.
254 1693 302 1729 Ver.
313 1693 363 1730 ten.
376 1694 467 1743 vicitque.

104 1757 162 1795 1269.
192 1758 284 1795 Vomeris
299 1756 351 1795 Hau.
368 1762 389 1793 et
406 1752 466 1794 Wak.
482 1754 620 1792 restituerunt
638 1768 662 1793 en
674 1755 770 1793 omnihus

50 1807 96 1844 fere
107 1807 172 1845 libris.
187 1809 234 1846 Ver.
245 1810 295 1845 Veri.
308 1811 407 1854 Vometis,
423 1807 468 1844 Ata.
478 1808 495 1845 1.
507 1809 556 1845 Bon.
570 1809 675 1853 Volneris;
690 1808 769 1854 Lamb.‚

52 1871 114 1908 quem
125 1859 220 1908 vuigares
231 1859 289 1898 edin.
300 1866 428 1908 sequuntur,
445 1862 559 1904 Vomerem,
575 1871 586 1894 e
602 1860 729 1895 coniectura.
743 1877 770 1885 -ι

50 1909 126 1958 ictum]
141 1910 213 1948 Faber.
230 1910 284 1950 coni.
298 1914 385 1956 toccum,
399 1915 459 1946 recte
474 1909 576 1947 refutatus
589 1922 601 1946 a
613 1909 716 1957 Bentleio,
730 1922 770 1947 uo-

51 1960 89 1996 stri
105 1963 138 2009 IV,
156 1962 212 2000 1211.
226 1961 278 1999 Ptin.
292 1963 318 1998 H.
332 1963 357 2001 N.
373 1963 420 2010 VII,
433 1963 452 1999 2.
469 1967 490 1997 et
501 1965 570 2000 iuven.
582 1961 617 2006 VI,
630 1963 672 2001 teo.
682 1974 770 2011 pompa-

12 2034 17 2041 ι
50 2017 116 2048 rante.
144 2013 242 2050 Ceterum
267 2022 351 2050 omnem
373 2013 429 2049 huno
446 2012 530 2059 locum,
553 2012 647 2062 inprimis
668 2025 716 2049 vero
731 2026 770 2051 vss.

51 2064 195 2103 1270-1272
211 2066 301 2102 Donatus
316 2063 406 2115 respexit
420 2063 447 2102 ad
462 2066 545 2102 Terent.
557 2066 609 2105 Eun.
624 2067 657 2114 ui,
668 2066 686 2112 1,
698 2062 743 2115 34„
757 2076 770 2102 a

49 2113 111 2151 Wak.
124 2115 177 2153 adv.
188 2117 245 2155 1263.
256 2116 358 2154 laudatus.

103 2165 160 2203 1271.
185 2170 296 2218 grauidae]
310 2166 428 2218 Lugd.i·2.
440 2165 516 2204 ΒΥ11.2
530 2168 587 2203 [iani.
599 2168 708 2205 1281212911.
720 2183 769 2219 gra·

50 2216 111 2260 nida,
125 2228 167 2253 non
175 2219 323 2269 rogitantibus
337 2220 438 2256 nimirum
449 2217 539 2254 iibrariis
550 2219 572 2254 iu
583 2220 647 2256 verbo
659 2232 727 2257 scorto
738 2220 770 2255 la-

50 2270 94 2301 tere
105 2267 214 2306 notionem
220 2271 320 2321 feminae,
335 2277 359 2308 ut
369 2270 488 2307 sexcenties.
504 2270 571 2313 Quare
581 2269 659 2318 miror,
671 2270 768 2307 Vossium

49 2314 99 2353 huic
110 2318 206 2358 varietati
216 2327 298 2360 tautum
310 2322 413 2369 tribuisse,
427 2327 451 2357 ut
461 2321 574 2358 coniiceret
584 2324 674 2373 grozudn
688 2334 753 2374 atque.

102 2381 159 2419 1275.
186 2387 274 2435 ametur]
288 2388 336 2427 Brit.
344 2390 363 2427 2.
375 2389 485 2433 amenum,-
501 2399 564 2437 quare
574 2386 634 2425 Wak.
646 2395 768 2434 persuasum

50 2428 89 2466 Sibi
102 2430 178 2490 habet3
199 2438 321 2477 Lucretium
339 2439 444 2490 scripsisse
459 2440 590 2479 mulierculae
607 2447 709 2481 (currentum
731 2448 766 2472 me

50 2493 93 2519 non
103 2489 234 2526 assentiente.
