1690 2654
60 101 122 184 '308
193 179 198 187 „
278 134 549 194 auuornrrouus

73 250 135 297 solvi,
148 245 237 286 nimium
248 258 261 284 a
272 245 336 287 Godd.
351 244 442 298 vestigiis
453 247 560 288 recedens.
586 248 643 287 Libri
660 248 716 288 enirn
730 249 790 289 nobis

74 300 151 352 cogniti
165 300 226 347 (nam
242 298 304 337 Wak.
322 299 347 336 de
364 298 404 336 suis
422 312 466 337 non
481 307 580 338 accurate
588 301 675 348 retulit)
689 302 791 351 praebent

72 367 98 390 ac
106 363 148 390 toto
160 353 213 389 solvi
222 354 247 390 de
258 366 340 404 corpore
352 353 420 390 omnia
432 353 532 400 rnembra,
544 352 583 389 nisi
594 353 651 404 quod
661 353 721 391 ssodl„
728 353 789 391 vind.

72 409 93 440 et
104 402 153 442 Brit.
164 404 181 441 1.
191 404 210 442 2.
226 414 247 442 et
261 415 299 453 pro
316 419 340 442 ae
353 402 462 452 exhibent,
477 409 498 440 et
509 404 532 440 in
543 403 596 442 Brix.
608 409 676 452 omnia
688 404 755 451 deest,
768 404 790 440 iri

71 454 118 494 Aid.
130 456 147 494 1.
156 456 176 493 2.
188 456 237 493 Bon.
250 462 270 493 et
280 455 335 498 lunt.
349 455 415 492 omnis
425 467 495 492 versus
505 455 640 496 desideratur.
667 456 734 508 Vulgo
747 455 790 494 edi-

16 532 24 539 »
71 512 107 544 tur
117 518 138 545 et
149 517 192 545 toto
204 509 257 545 solui
269 509 293 545 de
305 522 388 559 corpure
396 509 489 556 membra.

124 559 169 595 Vss.
180 555 226 598 594.
237 565 257 596 et
267 558 312 598 595.
340 559 413 596 desunt
423 557 484 597 Vind.
496 558 545 597 Brit.
556 562 573 598 1.
584 560 603 598 2.
615 561 634 600 3.
649 565 670 597 et
678 558 730 596 Brix.
742 559 790 597 Ver.

71 608 135 659 Veri„
150 609 298 657 „Wakefieldo
309 609 469 660 propensissime
479 610 604 659 plaudente,
612 613 626 635 ‘⁴
640 610 715 662 quibis
725 609 790 649 versi-

71 660 111 700 bus
128 661 199 699 eiectis
218 668 239 700 et
254 661 391 699 antecedente
404 661 435 699 sic
448 662 537 711 scripto:
555 666 589 701 Ire
604 666 686 709 anima,
706 678 731 701 ao
746 672 790 701 toto

72 715 125 752 solvi
136 717 204 752 onznia*
214 728 297 766 corpore
307 713 394 751 membra
403 712 476 764 locum
487 713 565 761 optime
574 713 689 762 procedere
700 719 790 751 conteu-

73 763 111 804 dit,
137 767 205 810 Quum
221 770 292 801 tamen
307 762 405 800 meliores
420 769 442 800 et
460 763 587 812 antiquiores
598 764 660 804 Codd.
672 764 710 801 hos
720 776 790 802 versus

71 817 177 863 tueantur,
186 816 209 853 in
218 815 304 865 reliquis
312 820 396 852 tanturn
404 815 431 852 ob
441 810 598 864 ὁμοιοτέλευτον
607 815 678 854 omissi
687 815 790 855 ridentur.

123 868 169 907 596.
195 870 262 906 animo
273 866 426 919 malefactum]
440 866 470 904 ita
481 872 560 904 veteres
570 867 678 915 dixerunt,
691 868 727 905 uhi
739 867 790 904 deii-

37 958 39 962 ,
73 917 142 956 ciebat
157 924 178 955 et
194 917 328 969 linquebatur
344 917 433 956 animus.
454 918 516 956 Conf.
530 919 595 956 Plaut.
607 920 650 958 Mil.
661 918 715 970 glor.
725 920 799 967 itt&

72 970 117 1018 21„
131 982 193 1020 quem
203 969 366 1012 Lamblaudat,
381 976 403 1006 et
415 969 509 1007 eiusdem
520 970 594 1020 Amph.
607 972 630 1017 V,
644 973 662 1016 1,
673 972 692 1010 6.

115 1022 169 1061 -598,
195 1022 259 1072 vitae]
270 1020 300 1059 sic
310 1023 360 1060 Hav.
371 1027 392 1058 et
399 1020 461 1062 Wak.
471 1032 520 1059 cum
529 1019 651 1060 melioribus
661 1020 732 1068 libris3
744 1020 790 1059 rul-

72 1084 100 1122 go
114 1085 163 1110 cum
178 1072 239 1111 Vind.
253 1073 330 1123 fragm.
345 1072 406 1113 Vind.
421 1074 471 1121 Brit.
483 1075 531 1114 tet
544 1075 563 1115 3.
577 1080 598 1111 et
613 1073 659 1117 ald.
670 1074 688 1112 1.
700 1074 720 1113 2.
738 1075 789 1111 Bon.

72 1125 128 1161 lunt.
137 1126 198 1171 vires,
210 1124 255 1162 sine
262 1124 317 1161 iusto
325 1137 393 1162 sensu.

126 1178 171 1216 600.
198 1177 341 1226 oollabefiunt]
354 1175 412 1213 Bodl.
422 1176 470 1214 Ver.
480 1176 532 1214 Veri.
543 1175 587 1215 ntd.
597 1177 616 1215 1.
631 1182 652 1213 et
661 1178 710 1213 Bon.
722 1177 768 1215 conl
781 1197 790 1204 ·

72 1227 161 1266 berconi.
187 1228 281 1266 Verbum
292 1229 414 1277 collabefieri
423 1234 494 1265 autem
505 1233 589 1276 praeter
598 1227 654 1265 hunc
664 1227 737 1265 locum
747 1239 791 1265 non

72 1278 113 1366 nipii
124 1277 180 1328 apud
194 1281 253 1318 Caes.
268 1278 294 1316 de
302 1280 325 1316 B.
338 1281 393 1328 GH,
403 1281 434 1329 6.,
449 1290 512 1331 quem
526 1277 587 1317 Wak.
604 1278 689 1327 laudat,
702 1278 790 1317 inveniri

71 1342 91 1367 vr
108 1336 161 1367 etur.
195 1357 200 1374 ἴ
460 1373 462 1375 v
494 1364 496 1367 Α
714 1350 717 1354 -
732 1352 734 1355 >

70 1432 93 1470 Η
123 1377 169 1421 604.
195 1375 285 1431 omnem]
299 1380 351 1422 Brir.
364 1380 409 1419 ard.
422 1381 440 1421 1.
457 1387 479 1420 et
494 1383 544 1419 Bon.
558 1396 621 1421 omne.
647 1379 691 1419 Sed
701 1381 747 1420 vide
763 1381 790 1419 ad

68 1489 70 1492 ⁴
94 1461 100 1482 ³
123 1485 168 1524 608.
194 1481 306 1533 succedere]
320 1483 377 1523 bodi,
388 1481 449 1521 Vind.
459 1482 536 1535 fragm.
547 1482 607 1527 Vind.
616 1485 676 1522 Poor.
687 1483 788 1523 Brinta

72 1535 130 1576 Cant.
140 1542 161 1574 et
170 1542 258 1573 cunctae
268 1536 325 1572 editt.
337 1542 387 1573 vett.
398 1538 499 1582 accedere,
512 1535 581 1572 minus
591 1535 704 1586 eleganter.
721 1536 789 1582 Wak„

42 1611 43 1628 t
72 1588 108 1637 qui
118 1590 224 1627 succedere
233 1586 323 1636 explicat
335 1600 373 1635 per
381 1587 458 1637 subire,
467 1586 557 1639 ingredi,
568 1599 654 1638 surgere
664 1586 788 1638 aci-aliquid,

72 1645 182 1688 comparat
192 1641 249 1689 Virg.
260 1644 309 1676 Aen.
319 1641 368 1681 xit·
375 1637 421 1677 234.

125 1692 170 1730 609.
196 1689 296 1738 locatam]
312 1689 372 1727 vind.
382 1691 430 1728 Brit.
440 1691 459 1730 2.
469 1690 489 1728 3.
500 1695 521 1726 et
530 1689 583 1728 Brix.
594 1691 641 1726 Ver.
652 1690 703 1727 Ven.
714 1688 759 1726 ΑΜ.
771 1691 789 1729 1.
800 1692 803 1698 '

72 1743 123 1780 Bon.
132 1744 226 1790 locatum,
241 1740 300 1792 quasi
309 1753 328 1780 r.
339 1741 385 1781 607.
397 1744 487 1780 animum
496 1740 589 1791 positum
598 1740 677 1786 fuisset,
689 1752 732 1777 non
742 1743 789 1780 ani-

71 1809 132 1832 mam.
627 1830 629 1837 ,

124 1844 168 1884 Vss.
178 1845 215 1884 611
223 1840 300 1882 -614,
326 1855 339 1881 a
350 1842 418 1881 verbis
430 1845 516 1893 Quodsi
525 1854 591 1892 usque
602 1841 629 1880 ad
641 1844 740 1895 gauderet
750 1844 789 1893 La-

72 1897 161 1934 ctantius
174 1896 237 1933 affert
248 1897 298 1934 inst.
311 1895 357 1944 VH,
368 1897 398 1934 12.
413 1895 471 1944 (Vol.
481 1895 510 1932 Π.
523 1909 544 1945 p.
554 1896 598 1934 126.
609 1894 665 1944 bip.)
680 1895 702 1931 V.
713 1897 757 1934 611.
770 1899 790 1934 si

72 1948 130 1985 deest
138 1948 160 1985 in
169 1948 230 1985 vind.
241 1945 290 1984 Brit.
300 1948 318 1986 1.
326 1948 344 1986 2.
351 1948 378 1996 3„
393 1953 414 1985 et
423 1960 461 1997 pro
472 1948 592 1985 immortalis
600 1947 648 1983 Ver.
659 1951 680 1983 et
691 1947 741 1986 Ven.
752 1947 789 1985 ha-

70 1999 123 2037 bent
136 2001 235 2038 mortalis.
263 1998 382 2044 „Similiter
391 2004 483 2036 erratum
493 2004 540 2035 erat
551 1990 573 2034 in
583 1999 597 2041 Ι,
609 1997 653 2040 756.
670 1996 718 2047 [ubi
731 1998 787 2036 uodt.

69 2053 182 2101 Ιιἰηπ-ῑονιαίί
189 2076 194 2094 ,
208 2057 229 2088 ct
238 2049 294 2087 inira
303 2063 323 2087 v.
333 2048 390 2094 624..
402 2050 439 2087 ubi
447 2056 522 2087 contra
534 2048 581 2088 Brit.
593 2049 609 2086 1.
621 2050 640 2087 2.
654 2052 744 2089 mortalis
754 2063 788 2088 ex·
830 2065 833 2070 ·

71 2101 169 2150 hihent];
183 2102 244 2139 aliter
255 2115 298 2139 non
307 2101 362 2139 rnale
372 2101 530 2139 tentavissemus
540 2103 564 2139 ni
572 2101 688 2140 mortalis.“
703 2105 774 2141 Wak.

123 2155 167 2193 612-
195 2153 249 2203 tom]
264 2153 294 2190 sic
308 2153 365 2190 Bodl.
381 2153 430 2191 Brit.
442 2154 460 2192 1.
471 2154 490 2191 2.
500 2153 616 2197 3.‚omnes
633 2152 690 2190 editt.
706 2159 788 2191 vemet
827 2166 830 2170 ·

70 2204 190 2253 Lactantius
204 2205 217 2242 1.
236 2218 253 2242 c.
261 2231 267 2251 ,
282 2217 333 2255 quos
350 2204 395 2241 iure
406 2203 502 2256 sequitur
516 2202 588 2252 wan,
602 2203 668 2255 bugd.
677 2205 697 2243 2.
712 2216 786 2254 tamen.

71 2258 122 2296 Hav.
134 2268 183 2293 cum
193 2255 283 2306 vulgatis
294 2256 352 2304 editt.
364 2259 411 2295 iam.

123 2309 147 2347 V.
167 2304 211 2346 614.
237 2319 280 2344 non
300 2309 380 2345 temere
401 2306 462 2345 Wak.
484 2304 579 2356 spurium
598 2318 683 2345 censere
698 2306 787 2356 videtur,

70 2372 137 2411 qutun
148 2358 202 2407 absit
211 2357 236 2395 ab
248 2358 344 2396 omnibus
354 2358 417 2399 Godd.
428 2365 449 2397 et
458 2356 550 2409 primurn
558 2358 580 2395 in
591 2357 636 2399 a'td.
648 2361 666 2399 1.
680 2365 787 2409 appareat,

70 2425 134 2463 quam
152 2416 267 2461 sequuntur
281 2412 331 2448 Bon.
349 2410 394 2456 ald.
405 2413 424 2450 2.
443 2417 464 2448 et
478 2410 533 2448 Iuni.
559 2411 584 2448 In
602 2411 713 2448 Lactantio
724 2410 787 2459 enirn,

69 2465 107 2502 ubi
117 2463 184 2514 prima
193 2475 233 2499 vox
243 2461 285 2499 eius
295 2461 377 2512 legitur,
388 2462 440 2500 haec
452 2460 514 2499 facile
526 2468 563 2499 aut
574 2475 585 2499 e
596 2462 659 2510 Codd.
668 2462 734 2500 nostri
744 2463 787 2500 iam

53 2534 56 2547 v
70 2515 174 2567 corruptis
185 2513 282 2564 adscribi,
293 2520 329 2551 aut
339 2514 410 2552 eadem
421 2514 447 2553 de
457 2525 525 2564 causa,
537 2513 608 2564 quain
617 2514 710 2554 Lucretii
720 2526 785 2552 meni-
