1690 2654
239 137 280 176 Al)
297 135 433 176 LIBRUM
450 134 621 185 QUINTUM.
747 133 794 178 443

125 242 170 285 434.
197 248 329 293 Alcinoum]
347 246 377 283 sic
391 245 501 294 Macron,
522 244 582 283 Vind.
598 244 643 282 Ald.
661 235 680 283 l.
696 250 717 281 et
730 246 792 291 llon.;

75 299 138 334 ceteri
151 297 200 334 libri
212 312 283 335 omnes
293 301 342 337 Alce
355 300 432 343 volans,
447 298 502 334 lunt.
514 298 565 334 Alto
575 298 652 335 uolans.
679 296 739 334 Wak.
752 297 793 334 ob-

73 356 149 395 servat,
161 350 220 386 Ennii
231 351 302 387 locum
312 350 367 399 apud
378 350 418 388 Cic.
431 350 457 387 N.
470 351 493 386 D.
504 349 521 393 l,
532 346 563 387 43.
579 350 650 397 (pAEQ.
661 350 732 397 Hess.)
748 353 791 386 Au-

73 413 117 439 son.
132 401 206 448 Eidyll.
216 415 235 438 n.
246 400 291 441 345.
299 416 320 445 ¹v.
332 403 362 440 14.
380 408 400 438 et
412 399 530 451 analogiam
543 412 618 437 vocum
629 400 728 437 similium
739 403 791 440 alti-

72 454 131 490 volus
144 452 210 499 (Plin.
222 454 245 489 H.
259 455 284 491 N.
294 456 319 500 X,
327 455 374 502 21.)
390 455 510 498 altitonans,
519 453 619 490 altisonus
630 458 669 490 etc.
683 459 791 502 receptam

72 504 198 552 scripturam
215 505 360 553 comprobare.
374 526 400 531 —-
413 505 463 552 nec]
474 503 504 539 sic
520 503 580 540 Walr.
598 516 646 540 cum
658 504 752 543 omnibus
764 505 789 542 li-

72 554 125 601 bris;
140 555 232 592 Macrob.
245 572 322 608 neque,
336 562 357 591 ut
368 555 463 606 vulgares
476 553 533 595 editt.
693 582 695 584 ·

123 603 169 645 435.
195 622 232 645 nec
246 612 281 646 ai'r
298 608 400 657 praebent
419 607 525 653 Macrob.‚
548 604 606 643 Bodl.
627 606 688 644 Poor.
706 607 755 645 Brit.
768 610 788 647 2,

73 658 133 745 Canp.
144 657 196 697 Brix.
207 660 255 697 Ver.
266 661 315 698 Ven.
326 659 372 696 Ald.
385 661 403 699 t.
414 662 477 705 Bon.;
491 659 553 710 vulgo
568 673 631 711 neque
646 662 693 706 air,
706 665 729 696 ut
738 659 789 696 reli-

88 711 107 746 ui
129 710 175 749 ibri.
391 743 392 747 ,

72 723 86 760 q
123 763 166 801 Vss.
175 762 220 801 438.
230 768 250 799 et
260 760 305 802 439.
332 762 398 800 altera
413 761 458 799 vice
473 761 528 811 apud
540 760 628 798 eundem
639 762 732 799 Macrob.
742 762 789 801 vide

71 816 113 851 Sat.
125 814 166 860 Vl,
177 811 197 852 4.
211 814 246 864 (p.
257 816 299 853 177.
311 814 368 865 Rip.)
383 827 432 851 cum
443 814 517 850 eodem
528 813 610 863 Virgilii
619 812 667 850 loco
680 827 790 863 compara-

72 872 111 904 tos.
137 868 188 904 Inde
199 867 245 914 loci,
258 866 379 906 teatino
391 868 441 913 loco,
453 872 488 902 aut
498 866 522 903 ab
534 863 569 902 illo
580 877 673 916 tempore,
690 867 745 915 quod
757 879 790 903 re-

72 917 102 953 dit
110 916 166 953 infra
176 931 194 954 v.
205 917 249 956 740.
264 924 284 955 et
294 919 348 965 789,
357 917 435 968 legitur
446 917 510 954 etiam
521 916 577 967 apud
588 916 677 952 Ennium
689 930 709 965 p.
717 915 749 956 34.
757 919 789 956 83,

71 969 116 1008 187.
141 968 206 1008 Lucil.
222 970 254 1009 30.
273 976 294 1007 et
313 969 379 1010 Cicer.
395 973 450 1008 Arat.
467 970 523 1018 393„
547 980 599 1019 quos
615 979 640 1005 ex
655 975 715 1018 parte
728 969 788 1009 Wak.

70 1020 113 1058 iam
124 1020 224 1058 laudavit.

122 1071 168 1112 443.
196 1072 318 1119 conturluit]
333 1073 362 1111 sic
374 1072 435 1113 Wak.
449 1086 460 1110 e
472 1074 544 1120 Cant,
558 1071 687 1122 eandemque
698 1071 789 1111 varieta-

70 1129 113 1161 tem
132 1131 152 1161 et
168 1126 218 1163 Hav.
233 1137 270 1162 suo
281 1126 375 1175 exemplo
387 1125 436 1164 edit.
449 1129 497 1165 Ver.
509 1130 530 1161 et
540 1136 578 1175 ego
591 1123 683 1160 eiusdem
693 1124 740 1163 edit.
752 1138 789 1162 ex-

71 1176 140 1225 emplo
152 1176 223 1214 Dresd.
236 1176 363 1226 adscriptam
372 1178 467 1214 vidimus.
495 1176 577 1226 Reliqui
585 1175 634 1212 libri
644 1177 689 1213 utss.
700 1182 720 1212 et
731 1176 789 1216 editt.

70 1240 144 1264 omnes
152 1229 258 1275 turbabut5
273 1228 350 1278 „quod
360 1236 441 1278 tempus
455 1228 526 1278 (Wak,
536 1234 585 1265 sunt
596 1227 672 1275 verba)
686 1228 717 1264 rei
729 1241 789 1277 prae-

70 1280 145 1316 teritae
160 1280 229 1316 minus
245 1281 354 1326 convenit;
374 1282 493 1319 conturbare
508 1286 590 1326 autem,
612 1279 646 1315 vel
663 1295 704 1317 uno
722 1284 789 1320 omnia

70 1333 158 1378 turbare,
175 1337 196 1368 et
206 1331 280 1368 fortius
291 1338 332 1378 est,
347 1339 368 1368 et
380 1331 537 1369 convenientius
547 1331 590 1367 loci
603 1343 678 1379 scopo,
693 1331 788 1380 simplice

70 1384 178 1421 turbare.“
205 1385 234 1420 De
250 1384 394 1420 contractione
410 1396 461 1421 vero
477 1382 605 1431 syllabarum
618 1385 662 1419 auu
672 1383 694 1417 in
707 1384 729 1420 (le
741 1396 788 1421 sae-

69 1435 115 1485 pius
126 1435 168 1471 iam
180 1434 265 1472 dictum.
280 1435 356 1483 (Conl.
367 1435 394 1471 ad
406 1436 423 1482 Ι,
435 1436 467 1474 71.
480 1437 515 1482 ΠΙ,
526 1435 571 1473 710.
585 1434 609 1482 V,
619 1431 664 1471 443.
679 1435 711 1482 tt,
722 1435 768 1474 586.

74 1528 75 1531 Ἴ
122 1484 166 1525 447.
193 1489 253 1525 terris
265 1487 340 1537 altum]
356 1487 432 1524 Briau.
448 1489 508 1524 terris
523 1487 610 1530 saltum,
624 1484 673 1520 Brit.
685 1486 704 1524 3.
719 1497 787 1525 terroe

70 1538 136 1583 saltu,
150 1538 279 1584 Macrobius,
295 1538 330 1588 qui
346 1551 378 1578 vv.
391 1535 510 1578 447—449.
528 1536 599 1574 laudat
615 1538 656 1575 sat.
670 1537 703 1585 vt,
716 1538 735 1576 2.
750 1538 785 1588 (p.

71 1589 128 1634 168.)
144 1593 204 1628 terris
214 1605 315 1642 maguum.
522 1595 526 1599 ’

122 1638 167 1679 443.
195 1645 294 1686 seorsum]
309 1640 374 1691 Lugd.
385 1641 403 1680 1.
415 1642 434 1679 2.
443 1656 533 1688 sorsum,
546 1640 608 1677 Poor.
619 1638 669 1676 Brit.
678 1640 720 1679 1-3.
732 1639 786 1679 BriX.

70 1691 118 1730 Ver.
128 1693 179 1731 Ven.
191 1707 275 1741 sursum,
289 1693 361 1732 urite.
370 1708 456 1731 rursum·
469 1714 495 1720 —
508 1703 606 1731 secretum
620 1691 666 1736 (vel
677 1693 744 1741 potius
756 1707 788 1730 se-

71 1744 157 1789 cretum)
173 1746 282 1795 humorque
294 1744 355 1782 Wak.
370 1743 445 1788 edidit,
461 1743 524 1781 Codd.
534 1742 619 1792 vestigia
630 1749 741 1793 sequutus;
755 1759 787 1782 re-

71 1805 145 1833 cretum
155 1795 210 1831 enim
219 1796 320 1845 praebent
330 1794 374 1834 ald.
381 1797 399 1834 4.
409 1798 468 1843 Bon„
483 1794 561 1842 (ceteri
569 1794 618 1831 libri
628 1806 715 1840 secreto,
731 1795 788 1844 quod

69 1844 130 1882 Wak.
144 1858 182 1895 p-ro
194 1850 276 1895 secreto,
294 1847 308 1885 i.
320 1859 336 1884 e,
347 1858 451 1894 secretum,
466 1846 580 1896 accipin),
594 1848 702 1897 humorque
716 1853 787 1883 autem

70 1897 173 1943 reperitur
183 1898 204 1934 in
214 1898 275 1936 Vind.
285 1899 333 1935 Brit.
342 1900 361 1937 2.
372 1899 390 1936 3.
401 1901 458 1936 Cant.
467 1899 520 1936 Erix.
530 1900 576 1935 Ver.
589 1901 640 1935 Ven.
650 1897 696 1935 Ald.
704 1898 722 1935 1.
735 1899 785 1935 Bon.

70 1945 137 1996 Vulgo
149 1960 224 1987 secreto
237 1952 331 1997 humore,
345 1956 368 1986 ut
377 1961 426 1985 sane
438 1951 491 1988 lunt.
503 1955 523 1986 et
534 1948 604 1987 Aldu.
615 1954 690 1998 atque,
704 1948 721 1984 si
734 1950 784 1986 Hau.

70 1996 151 2033 silentio
162 1999 213 2036 fides
222 2000 294 2037 haberi
306 2001 381 2049 possit,
395 2000 461 2050 Lugd.
473 2002 489 2039 1.
501 2002 520 2038 2.
533 2006 554 2037 et
564 1998 621 2036 Bodl.

120 2046 165 2088 449.
193 2052 286 2101 Seorrus]
304 2052 353 2096 Brit.
363 2054 382 2091 2.
393 2056 493 2099 Seorsum,
508 2051 563 2101 quod
576 2050 644 2088 Gifau.
656 2050 718 2088 etiam
730 2051 786 2100 apud

69 2100 162 2136 Macrob.
173 2101 261 2139 inveniri
276 2104 383 2153 perhibet3
396 2103 432 2140 sed
442 2116 551 2152 perperam
559 2130 566 2150 7,
580 2109 604 2138 ut
613 2102 704 2150 videtur,
720 2115 785 2152 quum

70 2160 141 2186 omues
160 2154 261 2191 Macrobii
277 2155 347 2200 editt,
362 2167 412 2204 quas
427 2161 447 2191 et
461 2154 521 2193 Wak.
533 2160 554 2191 et
564 2165 601 2190 nos
609 2153 749 2204 inspeximus,
762 2154 784 2191 in

69 2199 152 2250 vulgata
162 2202 253 2242 lectione
264 2206 400 2244 consentiant.
727 2252 729 2254 ‚

121 2249 166 2290 452.
193 2260 219 2293 Iu
233 2260 297 2296 medio
314 2261 390 2309 atque]
404 2256 434 2294 ita
448 2256 509 2295 Wak.
527 2269 576 2293 cum
590 2255 656 2304 Lugd.
668 2256 686 2294 1.
696 2258 715 2294 Ξ.
725 2256 783 2293 Vind.

69 2300 131 2337 Poor.
142 2304 188 2344 Brit.
197 2308 214 2344 1.
222 2309 239 2345 2.
246 2309 265 2347 3.
277 2315 297 2345 et
308 2310 376 2357 lunt,
391 2320 454 2357 quam
464 2307 577 2346 lectionem
590 2307 633 2344 iam
643 2307 715 2348 Lamb,
726 2309 783 2344 Voss.

69 2352 167 2391 Gassend.
183 2358 273 2396 Turneb.
291 2360 356 2398 Bentl.
370 2360 498 2409 probarunt,
525 2371 630 2410 quamque
653 2361 704 2399 Har.
721 2359 784 2394 etiam

68 2399 124 2438 forte
144 2406 255 2463 meliorem
275 2410 346 2457 dixit3.
360 2417 381 2448 et
399 2417 471 2448 tamen
486 2410 576 2462 vulgaris
590 2415 616 2449 Iu
631 2413 732 2461 medioque
745 2420 783 2458 per

70 2462 141 2509 Omnes
156 2456 214 2497 editt.
231 2468 347 2513 propagata
362 2469 399 2500 est.
419 2463 472 2502 Brix.
483 2464 531 2501 Ver.
543 2464 595 2502 Ven.
605 2466 630 2502 In
642 2463 705 2502 medio
717 2462 782 2513 queck

69 2502 138 2546 Glfan.
151 2520 199 2547 cum
208 2510 267 2549 hiatu
278 2518 304 2553 In
314 2517 389 2553 medio:
402 2516 461 2555 imas.
